<?xml version="1.0" encoding="UTF-8"?>
<!DOCTYPE html PUBLIC "-//W3C//DTD XHTML 1.0 Transitional//EN"
    "http://www.w3.org/TR/xhtml1/DTD/xhtml1-transitional.dtd">
<html xmlns="http://www.w3.org/1999/xhtml" xml:lang="en" lang="en">
 <head>
  <title>
</title>
<meta http-equiv="Content-Type" content="text/html;charset=utf-8" />
  <meta name='ocr-system' content='tesseract 3.04.00' />
  <meta name='ocr-capabilities' content='ocr_page ocr_carea ocr_par ocr_line ocrx_word'/>
</head>
<body>
  <div class='ocr_page' id='page_1' title='image "./deravennateetve01bambgoog_0039.png"; bbox 0 0 3054 5052; ppageno 0'>
   <div class='ocr_carea' id='block_1_1' title="bbox 799 373 842 439">
    <p class='ocr_par' dir='ltr' id='par_1_1' title="bbox 799 373 842 439">
     <span class='ocr_line' id='line_1_1' title="bbox 799 373 842 439; baseline 0 0"><span class='ocrx_word' id='word_1_1' title='bbox 799 373 842 439; x_wconf 80' lang='grc'>36</span> 
     </span>
    </p>
   </div>
   <div class='ocr_carea' id='block_1_2' title="bbox 270 548 1371 2823">
    <p class='ocr_par' dir='ltr' id='par_1_2' title="bbox 270 548 1371 2823">
     <span class='ocr_line' id='line_1_2' title="bbox 399 548 1301 647; baseline -0.008 -23"><span class='ocrx_word' id='word_1_2' title='bbox 399 555 437 647; x_wconf 73' lang='grc' dir='ltr'>ἣν</span> <span class='ocrx_word' id='word_1_3' title='bbox 456 561 482 646; x_wconf 81' lang='lat' dir='ltr'>y&#39;</span> <span class='ocrx_word' id='word_1_4' title='bbox 506 553 544 647; x_wconf 70' lang='grc' dir='ltr'>ἢν</span> <span class='ocrx_word' id='word_1_5' title='bbox 565 555 604 625; x_wconf 80' lang='grc' dir='ltr'>σύ</span> <span class='ocrx_word' id='word_1_6' title='bbox 628 559 704 641; x_wconf 73' lang='grc' dir='ltr'>παρ’</span> <span class='ocrx_word' id='word_1_7' title='bbox 728 556 851 622; x_wconf 66' lang='grc' dir='ltr'><strong><em>ἐκείνοι·</em></strong></span> <span class='ocrx_word' id='word_1_8' title='bbox 872 552 1071 642; x_wconf 72' lang='grc' dir='ltr'><em>παραλάβῃς,</em></span> <span class='ocrx_word' id='word_1_9' title='bbox 1096 548 1189 617; x_wconf 78' lang='grc' dir='ltr'><strong><em>πάντ’</em></strong></span> <span class='ocrx_word' id='word_1_10' title='bbox 1216 549 1301 634; x_wconf 79' lang='grc' dir='ltr'><strong><em>ἔχεις</em></strong></span> 
     </span>
     <span class='ocr_line' id='line_1_3' title="bbox 276 658 1370 756; baseline -0.006 -21"><span class='ocrx_word' id='word_1_11' title='bbox 276 671 375 756; x_wconf 90' lang='lat' dir='ltr'>idque</span> <span class='ocrx_word' id='word_1_12' title='bbox 408 691 446 734; x_wconf 86' lang='lat' dir='ltr'>eo</span> <span class='ocrx_word' id='word_1_13' title='bbox 478 670 582 753; x_wconf 86' lang='lat' dir='ltr'>magis</span> <span class='ocrx_word' id='word_1_14' title='bbox 616 667 803 732; x_wconf 85' lang='lat' dir='ltr'>laciendum</span> <span class='ocrx_word' id='word_1_15' title='bbox 838 667 909 748; x_wconf 84' lang='lat' dir='ltr'>erit,</span> <span class='ocrx_word' id='word_1_16' title='bbox 945 664 1033 750; x_wconf 91' lang='lat' dir='ltr'>quod</span> <span class='ocrx_word' id='word_1_17' title='bbox 1058 658 1151 727; x_wconf 79' lang='grc' dir='ltr'><strong><em>πάντ’</em></strong></span> <span class='ocrx_word' id='word_1_18' title='bbox 1187 660 1272 744; x_wconf 71' lang='grc' dir='ltr'><strong><em>ἔχειν</em></strong></span> <span class='ocrx_word' id='word_1_19' title='bbox 1303 665 1370 728; x_wconf 85' lang='lat' dir='ltr'>lere</span> 
     </span>
     <span class='ocr_line' id='line_1_4' title="bbox 275 769 1371 863; baseline -0.005 -21"><span class='ocrx_word' id='word_1_20' title='bbox 275 779 415 844; x_wconf 86' lang='lat' dir='ltr'>formula</span> <span class='ocrx_word' id='word_1_21' title='bbox 440 778 540 843; x_wconf 86' lang='lat' dir='ltr'>fuisse</span> <span class='ocrx_word' id='word_1_22' title='bbox 566 799 672 862; x_wconf 88' lang='lat' dir='ltr'>neque</span> <span class='ocrx_word' id='word_1_23' title='bbox 693 799 835 860; x_wconf 87' lang='lat' dir='ltr'>unquam</span> <span class='ocrx_word' id='word_1_24' title='bbox 860 799 918 863; x_wconf 92' lang='lat' dir='ltr'>pro</span> <span class='ocrx_word' id='word_1_25' title='bbox 934 769 1028 838; x_wconf 81' lang='grc' dir='ltr'><strong><em>πάντ’</em></strong></span> <span class='ocrx_word' id='word_1_26' title='bbox 1054 770 1139 854; x_wconf 72' lang='grc' dir='ltr'><strong><em>ἔχεις</em></strong></span> <span class='ocrx_word' id='word_1_27' title='bbox 1161 773 1283 838; x_wconf 93' lang='lat' dir='ltr'>dietum</span> <span class='ocrx_word' id='word_1_28' title='bbox 1301 794 1371 838; x_wconf 90' lang='lat' dir='ltr'>esse</span> 
     </span>
     <span class='ocr_line' id='line_1_5' title="bbox 275 881 1370 966; baseline -0.004 -16"><span class='ocrx_word' id='word_1_29' title='bbox 275 887 405 952; x_wconf 86' lang='lat' dir='ltr'>videtur</span> <span class='ocrx_word' id='word_1_30' title='bbox 434 881 550 950; x_wconf 74' lang='grc' dir='ltr'>ἅπαντ’</span> <span class='ocrx_word' id='word_1_31' title='bbox 577 883 661 966; x_wconf 79' lang='grc' dir='ltr'><strong><em>ἔχεις</em></strong></span> <span class='ocrx_word' id='word_1_32' title='bbox 689 887 730 950; x_wconf 87' lang='lat' dir='ltr'>ef.</span> <span class='ocrx_word' id='word_1_33' title='bbox 759 883 865 950; x_wconf 86' lang='lat' dir='ltr'>Kook.</span> <span class='ocrx_word' id='word_1_34' title='bbox 898 883 948 948; x_wconf 89' lang='lat' dir='ltr'>ad.</span> <span class='ocrx_word' id='word_1_35' title='bbox 979 883 1043 948; x_wconf 89' lang='lat' dir='ltr'>Av.</span> <span class='ocrx_word' id='word_1_36' title='bbox 1075 884 1165 948; x_wconf 75' lang='lat'>1352.</span> <span class='ocrx_word' id='word_1_37' title='bbox 1198 883 1289 947; x_wconf 80' lang='lat'>1460.</span> <span class='ocrx_word' id='word_1_38' title='bbox 1331 883 1370 948; x_wconf 92' lang='lat' dir='ltr'>In</span> 
     </span>
     <span class='ocr_line' id='line_1_6' title="bbox 275 991 1371 1081; baseline -0.004 -21"><span class='ocrx_word' id='word_1_39' title='bbox 275 995 449 1081; x_wconf 81' lang='lat' dir='ltr'>Equitibus</span> <span class='ocrx_word' id='word_1_40' title='bbox 481 1017 560 1058; x_wconf 91' lang='lat' dir='ltr'>vero</span> <span class='ocrx_word' id='word_1_41' title='bbox 596 994 622 1058; x_wconf 91' lang='lat' dir='ltr'>si</span> <span class='ocrx_word' id='word_1_42' title='bbox 646 994 740 1057; x_wconf 86' lang='lat' dir='ltr'>ctiam</span> <span class='ocrx_word' id='word_1_43' title='bbox 772 1015 879 1076; x_wconf 87' lang='lat' dir='ltr'>nuuc,</span> <span class='ocrx_word' id='word_1_44' title='bbox 915 991 955 1056; x_wconf 84' lang='lat' dir='ltr'>ad</span> <span class='ocrx_word' id='word_1_45' title='bbox 987 1013 1083 1076; x_wconf 88' lang='lat' dir='ltr'>quam</span> <span class='ocrx_word' id='word_1_46' title='bbox 1115 1013 1188 1055; x_wconf 91' lang='lat' dir='ltr'>sero</span> <span class='ocrx_word' id='word_1_47' title='bbox 1217 991 1371 1074; x_wconf 87' lang='lat' dir='ltr'>redimus,</span> 
     </span>
     <span class='ocr_line' id='line_1_7' title="bbox 273 1100 1369 1184; baseline -0.006 -14"><span class='ocrx_word' id='word_1_48' title='bbox 273 1105 300 1170; x_wconf 83' lang='lat' dir='ltr'>F</span> <span class='ocrx_word' id='word_1_49' title='bbox 302 1105 444 1170; x_wconf 83' lang='lat' dir='ltr'>ritascbii</span> <span class='ocrx_word' id='word_1_50' title='bbox 467 1105 686 1168; x_wconf 85' lang='lat' dir='ltr'>coniecturam</span> <span class='ocrx_word' id='word_1_51' title='bbox 713 1103 795 1167; x_wconf 83' lang='lat' dir='ltr'>tueri</span> <span class='ocrx_word' id='word_1_52' title='bbox 819 1103 970 1184; x_wconf 77' lang='lat' dir='ltr'>volueris,</span> <span class='ocrx_word' id='word_1_53' title='bbox 992 1100 1280 1166; x_wconf 84' lang='lat' dir='ltr'>demonstrandum</span> <span class='ocrx_word' id='word_1_54' title='bbox 1300 1100 1369 1183; x_wconf 88' lang='lat' dir='ltr'>erit,</span> 
     </span>
     <span class='ocr_line' id='line_1_8' title="bbox 274 1204 1368 1298; baseline -0.005 -21"><span class='ocrx_word' id='word_1_55' title='bbox 274 1207 472 1298; x_wconf 73' lang='grc' dir='ltr'><strong><em>ὕιιοόραμών</em></strong></span> <span class='ocrx_word' id='word_1_56' title='bbox 489 1213 566 1277; x_wconf 87' lang='lat' dir='ltr'>ferri</span> <span class='ocrx_word' id='word_1_57' title='bbox 589 1233 653 1275; x_wconf 91' lang='lat' dir='ltr'>non</span> <span class='ocrx_word' id='word_1_58' title='bbox 668 1233 762 1296; x_wconf 84' lang='lat' dir='ltr'>posse</span> <span class='ocrx_word' id='word_1_59' title='bbox 786 1212 839 1274; x_wconf 90' lang='lat' dir='ltr'>vel</span> <span class='ocrx_word' id='word_1_60' title='bbox 858 1221 947 1275; x_wconf 85' lang='lat' dir='ltr'>certe</span> <span class='ocrx_word' id='word_1_61' title='bbox 965 1204 1183 1292; x_wconf 75' lang='lat' dir='ltr'>inaadqqnnir</span> <span class='ocrx_word' id='word_1_62' title='bbox 1204 1209 1257 1272; x_wconf 91' lang='lat' dir='ltr'>vel</span> <span class='ocrx_word' id='word_1_63' title='bbox 1284 1207 1368 1293; x_wconf 92' lang='lat' dir='ltr'>quod</span> 
     </span>
     <span class='ocr_line' id='line_1_9' title="bbox 272 1316 1369 1408; baseline -0.006 -20"><span class='ocrx_word' id='word_1_64' title='bbox 272 1323 435 1408; x_wconf 86' lang='lat' dir='ltr'>Reisigius</span> <span class='ocrx_word' id='word_1_65' title='bbox 458 1322 570 1386; x_wconf 86' lang='lat' dir='ltr'>maluit</span> <span class='ocrx_word' id='word_1_66' title='bbox 593 1316 810 1407; x_wconf 75' lang='grc' dir='ltr'><strong><em>ὑπερδραμών</em></strong></span> <span class='ocrx_word' id='word_1_67' title='bbox 835 1322 933 1404; x_wconf 85' lang='lat' dir='ltr'>longe</span> <span class='ocrx_word' id='word_1_68' title='bbox 953 1331 1128 1406; x_wconf 83' lang='lat' dir='ltr'>praestare.</span> <span class='ocrx_word' id='word_1_69' title='bbox 1162 1319 1246 1385; x_wconf 86' lang='lat' dir='ltr'>Nam</span> <span class='ocrx_word' id='word_1_70' title='bbox 1270 1319 1300 1382; x_wconf 93' lang='lat' dir='ltr'>ei</span> <span class='ocrx_word' id='word_1_71' title='bbox 1323 1318 1369 1382; x_wconf 93' lang='lat' dir='ltr'>rei</span> 
     </span>
     <span class='ocr_line' id='line_1_10' title="bbox 272 1423 1370 1520; baseline -0.006 -22"><span class='ocrx_word' id='word_1_72' title='bbox 272 1434 350 1515; x_wconf 88' lang='lat' dir='ltr'>soli,</span> <span class='ocrx_word' id='word_1_73' title='bbox 374 1433 461 1520; x_wconf 92' lang='lat' dir='ltr'>quod</span> <span class='ocrx_word' id='word_1_74' title='bbox 485 1431 655 1496; x_wconf 73' lang='lat' dir='ltr'>Ravennae</span> <span class='ocrx_word' id='word_1_75' title='bbox 683 1431 828 1515; x_wconf 82' lang='lat' dir='ltr'>quamvis</span> <span class='ocrx_word' id='word_1_76' title='bbox 859 1430 998 1517; x_wconf 85' lang='lat' dir='ltr'>optimus</span> <span class='ocrx_word' id='word_1_77' title='bbox 1023 1429 1129 1494; x_wconf 86' lang='lat' dir='ltr'>codex</span> <span class='ocrx_word' id='word_1_78' title='bbox 1154 1423 1370 1511; x_wconf 75' lang='grc' dir='ltr'><strong><em>ὑπεκδραμών</em></strong></span> 
     </span>
     <span class='ocr_line' id='line_1_11' title="bbox 273 1537 1366 1622; baseline -0.003 -17"><span class='ocrx_word' id='word_1_79' title='bbox 273 1541 414 1622; x_wconf 87' lang='lat' dir='ltr'>exbibet,</span> <span class='ocrx_word' id='word_1_80' title='bbox 433 1563 498 1605; x_wconf 91' lang='lat' dir='ltr'>nou</span> <span class='ocrx_word' id='word_1_81' title='bbox 520 1541 564 1604; x_wconf 87' lang='lat' dir='ltr'>ita</span> <span class='ocrx_word' id='word_1_82' title='bbox 585 1543 721 1605; x_wconf 87' lang='lat' dir='ltr'>multum</span> <span class='ocrx_word' id='word_1_83' title='bbox 743 1541 949 1605; x_wconf 88' lang='lat' dir='ltr'>tribuendum</span> <span class='ocrx_word' id='word_1_84' title='bbox 968 1560 1039 1604; x_wconf 85' lang='lat' dir='ltr'>csse</span> <span class='ocrx_word' id='word_1_85' title='bbox 1062 1537 1138 1603; x_wconf 89' lang='lat' dir='ltr'>inde</span> <span class='ocrx_word' id='word_1_86' title='bbox 1152 1537 1366 1622; x_wconf 85' lang='lat' dir='ltr'>intellegitur,</span> 
     </span>
     <span class='ocr_line' id='line_1_12' title="bbox 274 1647 1368 1738; baseline -0.005 -24"><span class='ocrx_word' id='word_1_87' title='bbox 274 1651 359 1738; x_wconf 92' lang='lat' dir='ltr'>quod</span> <span class='ocrx_word' id='word_1_88' title='bbox 384 1674 414 1715; x_wconf 93' lang='lat' dir='ltr'>v.</span> <span class='ocrx_word' id='word_1_89' title='bbox 426 1650 486 1714; x_wconf 75' lang='lat'>742</span> <span class='ocrx_word' id='word_1_90' title='bbox 499 1650 637 1715; x_wconf 90' lang='lat' dir='ltr'>Parisini</span> <span class='ocrx_word' id='word_1_91' title='bbox 655 1651 785 1714; x_wconf 87' lang='lat' dir='ltr'>codices</span> <span class='ocrx_word' id='word_1_92' title='bbox 805 1651 830 1712; x_wconf 81' lang='lat' dir='ltr'><strong>A</strong></span> <span class='ocrx_word' id='word_1_93' title='bbox 849 1661 881 1712; x_wconf 90' lang='lat' dir='ltr'>et</span> <span class='ocrx_word' id='word_1_94' title='bbox 905 1647 932 1714; x_wconf 83' lang='lat' dir='ltr'>O</span> <span class='ocrx_word' id='word_1_95' title='bbox 953 1658 985 1712; x_wconf 88' lang='lat' dir='ltr'>et</span> <span class='ocrx_word' id='word_1_96' title='bbox 1008 1648 1068 1734; x_wconf 90' lang='lat' dir='ltr'>ipsi</span> <span class='ocrx_word' id='word_1_97' title='bbox 1094 1657 1206 1733; x_wconf 89' lang='lat' dir='ltr'>aperte</span> <span class='ocrx_word' id='word_1_98' title='bbox 1226 1647 1368 1734; x_wconf 84' lang='lat' dir='ltr'>corrupti</span> 
     </span>
     <span class='ocr_line' id='line_1_13' title="bbox 271 1752 1367 1846; baseline -0.005 -22"><span class='ocrx_word' id='word_1_99' title='bbox 271 1783 329 1846; x_wconf 90' lang='lat' dir='ltr'>pro</span> <span class='ocrx_word' id='word_1_100' title='bbox 347 1753 549 1843; x_wconf 74' lang='grc' dir='ltr'><strong><em>ὑποδραμών</em></strong></span> <span class='ocrx_word' id='word_1_101' title='bbox 563 1761 722 1844; x_wconf 76' lang='lat' dir='ltr'>praebent</span> <span class='ocrx_word' id='word_1_102' title='bbox 741 1752 968 1840; x_wconf 72' lang='grc' dir='ltr'>ὑπεκδραμών.</span> <span class='ocrx_word' id='word_1_103' title='bbox 989 1758 1055 1822; x_wconf 78' lang='lat' dir='ltr'>Sed</span> <span class='ocrx_word' id='word_1_104' title='bbox 1070 1780 1174 1843; x_wconf 89' lang='lat' dir='ltr'>neque</span> <span class='ocrx_word' id='word_1_105' title='bbox 1187 1757 1220 1820; x_wconf 90' lang='lat' dir='ltr'>in</span> <span class='ocrx_word' id='word_1_106' title='bbox 1232 1755 1367 1842; x_wconf 85' lang='lat' dir='ltr'>Reisigii</span> 
     </span>
     <span class='ocr_line' id='line_1_14' title="bbox 272 1863 1368 1955; baseline -0.004 -23"><span class='ocrx_word' id='word_1_107' title='bbox 272 1889 378 1955; x_wconf 91' lang='lat' dir='ltr'>neque</span> <span class='ocrx_word' id='word_1_108' title='bbox 402 1869 435 1932; x_wconf 91' lang='lat' dir='ltr'>in</span> <span class='ocrx_word' id='word_1_109' title='bbox 459 1867 632 1934; x_wconf 85' lang='lat' dir='ltr'>Fritzsehii</span> <span class='ocrx_word' id='word_1_110' title='bbox 661 1865 802 1930; x_wconf 86' lang='lat' dir='ltr'>lectione</span> <span class='ocrx_word' id='word_1_111' title='bbox 833 1863 913 1930; x_wconf 91' lang='lat' dir='ltr'>nihil</span> <span class='ocrx_word' id='word_1_112' title='bbox 934 1875 994 1949; x_wconf 84' lang='lat' dir='ltr'>est,</span> <span class='ocrx_word' id='word_1_113' title='bbox 1015 1866 1048 1930; x_wconf 92' lang='lat' dir='ltr'>iu</span> <span class='ocrx_word' id='word_1_114' title='bbox 1074 1889 1136 1949; x_wconf 91' lang='lat' dir='ltr'>quo</span> <span class='ocrx_word' id='word_1_115' title='bbox 1158 1865 1368 1930; x_wconf 83' lang='lat' dir='ltr'>offendamus.</span> 
     </span>
     <span class='ocr_line' id='line_1_15' title="bbox 272 1970 1367 2060; baseline -0.005 -19"><span class='ocrx_word' id='word_1_116' title='bbox 272 1979 311 2042; x_wconf 92' lang='lat' dir='ltr'>ln</span> <span class='ocrx_word' id='word_1_117' title='bbox 336 1970 555 2060; x_wconf 75' lang='grc' dir='ltr'><strong><em>ὑπερδραμών</em></strong></span> <span class='ocrx_word' id='word_1_118' title='bbox 589 1977 676 2040; x_wconf 90' lang='lat' dir='ltr'>enim</span> <span class='ocrx_word' id='word_1_119' title='bbox 710 1997 809 2058; x_wconf 82' lang='lat' dir='ltr'>aegre</span> <span class='ocrx_word' id='word_1_120' title='bbox 841 1974 1048 2039; x_wconf 84' lang='lat' dir='ltr'>desideretur</span> <span class='ocrx_word' id='word_1_121' title='bbox 1082 1973 1246 2038; x_wconf 88' lang='lat' dir='ltr'>obiectum</span> <span class='ocrx_word' id='word_1_122' title='bbox 1274 1973 1367 2057; x_wconf 90' lang='lat' dir='ltr'>qualo</span> 
     </span>
     <span class='ocr_line' id='line_1_16' title="bbox 271 2079 1368 2172; baseline -0.006 -20"><span class='ocrx_word' id='word_1_123' title='bbox 271 2085 425 2164; x_wconf 77' lang='grc' dir='ltr'>ἅπαντας,</span> <span class='ocrx_word' id='word_1_124' title='bbox 446 2079 664 2172; x_wconf 72' lang='grc' dir='ltr'><strong><em>ὖιιερόραιιών</em></strong></span> <span class='ocrx_word' id='word_1_125' title='bbox 684 2107 761 2149; x_wconf 88' lang='lat' dir='ltr'>vero</span> <span class='ocrx_word' id='word_1_126' title='bbox 777 2085 918 2149; x_wconf 89' lang='lat' dir='ltr'>evitandi</span> <span class='ocrx_word' id='word_1_127' title='bbox 935 2086 1100 2150; x_wconf 88' lang='lat' dir='ltr'>notionem</span> <span class='ocrx_word' id='word_1_128' title='bbox 1122 2083 1269 2148; x_wconf 87' lang='lat' dir='ltr'>eontinet</span> <span class='ocrx_word' id='word_1_129' title='bbox 1288 2103 1368 2170; x_wconf 86' lang='lat' dir='ltr'>quae</span> 
     </span>
     <span class='ocr_line' id='line_1_17' title="bbox 272 2187 1368 2281; baseline -0.002 -23"><span class='ocrx_word' id='word_1_130' title='bbox 272 2197 335 2259; x_wconf 85' lang='lat' dir='ltr'>lrue</span> <span class='ocrx_word' id='word_1_131' title='bbox 359 2195 491 2260; x_wconf 89' lang='lat' dir='ltr'>minime</span> <span class='ocrx_word' id='word_1_132' title='bbox 521 2195 668 2281; x_wconf 82' lang='lat' dir='ltr'>quadrat.</span> <span class='ocrx_word' id='word_1_133' title='bbox 711 2193 836 2259; x_wconf 83' lang='lat' dir='ltr'>Contra</span> <span class='ocrx_word' id='word_1_134' title='bbox 861 2194 982 2281; x_wconf 88' lang='lat' dir='ltr'>optime</span> <span class='ocrx_word' id='word_1_135' title='bbox 1006 2193 1126 2258; x_wconf 86' lang='lat' dir='ltr'>dietum</span> <span class='ocrx_word' id='word_1_136' title='bbox 1157 2202 1206 2255; x_wconf 86' lang='lat' dir='ltr'>est</span> <span class='ocrx_word' id='word_1_137' title='bbox 1238 2187 1279 2255; x_wconf 82' lang='grc' dir='ltr'>τὰ</span> <span class='ocrx_word' id='word_1_138' title='bbox 1311 2216 1368 2257; x_wconf 87' lang='grc' dir='ltr'>κο-</span> 
     </span>
     <span class='ocr_line' id='line_1_18' title="bbox 270 2297 1364 2388; baseline -0.002 -22"><span class='ocrx_word' id='word_1_139' title='bbox 270 2303 367 2386; x_wconf 79' lang='grc' dir='ltr'><strong><em>ρίανν’</em></strong></span> <span class='ocrx_word' id='word_1_140' title='bbox 404 2297 565 2388; x_wconf 76' lang='grc' dir='ltr'><strong><em>ἐπριάμην</em></strong></span> <span class='ocrx_word' id='word_1_141' title='bbox 598 2297 808 2386; x_wconf 78' lang='grc' dir='ltr'><strong><em>ὖιιιιόραμών.</em></strong></span> <span class='ocrx_word' id='word_1_142' title='bbox 829 2297 1040 2383; x_wconf 79' lang='grc' dir='ltr'><strong><em>Ὑποτρέχειν</em></strong></span> <span class='ocrx_word' id='word_1_143' title='bbox 1072 2302 1215 2366; x_wconf 89' lang='lat' dir='ltr'>enimin</span> <span class='ocrx_word' id='word_1_144' title='bbox 1245 2302 1364 2387; x_wconf 83' lang='lat' dir='ltr'>vulgus</span> 
     </span>
     <span class='ocr_line' id='line_1_19' title="bbox 273 2410 1366 2497; baseline -0.004 -21"><span class='ocrx_word' id='word_1_145' title='bbox 273 2423 385 2476; x_wconf 88' lang='lat' dir='ltr'>notum</span> <span class='ocrx_word' id='word_1_146' title='bbox 419 2421 468 2476; x_wconf 91' lang='lat' dir='ltr'>est</span> <span class='ocrx_word' id='word_1_147' title='bbox 489 2412 529 2475; x_wconf 90' lang='lat' dir='ltr'>de</span> <span class='ocrx_word' id='word_1_148' title='bbox 560 2433 598 2475; x_wconf 91' lang='lat' dir='ltr'>eo</span> <span class='ocrx_word' id='word_1_149' title='bbox 633 2411 710 2494; x_wconf 58' lang='lat' dir='ltr'>diet</span> <span class='ocrx_word' id='word_1_150' title='bbox 742 2411 796 2497; x_wconf 92' lang='lat' dir='ltr'>qui</span> <span class='ocrx_word' id='word_1_151' title='bbox 836 2411 918 2475; x_wconf 86' lang='lat' dir='ltr'>alius</span> <span class='ocrx_word' id='word_1_152' title='bbox 952 2410 1213 2476; x_wconf 78' lang='lat' dir='ltr'>benevolentiam</span> <span class='ocrx_word' id='word_1_153' title='bbox 1249 2411 1366 2475; x_wconf 87' lang='lat' dir='ltr'>officiis</span> 
     </span>
     <span class='ocr_line' id='line_1_20' title="bbox 271 2502 1369 2608; baseline -0.003 -22"><span class='ocrx_word' id='word_1_154' title='bbox 271 2502 390 2608; x_wconf 81' lang='lat' dir='ltr'>captet.</span> <span class='ocrx_word' id='word_1_155' title='bbox 435 2521 537 2608; x_wconf 86' lang='lat' dir='ltr'>Atqui</span> <span class='ocrx_word' id='word_1_156' title='bbox 571 2519 756 2586; x_wconf 84' lang='lat' dir='ltr'>insiciarius</span> <span class='ocrx_word' id='word_1_157' title='bbox 789 2521 982 2600; x_wconf 72' lang='lat' dir='ltr'>inmersit,</span> <span class='ocrx_word' id='word_1_158' title='bbox 1014 2531 1051 2584; x_wconf 89' lang='lat' dir='ltr'>ut</span> <span class='ocrx_word' id='word_1_159' title='bbox 1083 2521 1252 2607; x_wconf 85' lang='lat' dir='ltr'>praeclaro</span> <span class='ocrx_word' id='word_1_160' title='bbox 1282 2518 1369 2584; x_wconf 91' lang='lat' dir='ltr'>dono</span> 
     </span>
     <span class='ocr_line' id='line_1_21' title="bbox 273 2628 1368 2714; baseline -0.003 -20"><span class='ocrx_word' id='word_1_161' title='bbox 273 2639 439 2695; x_wconf 84' lang='lat' dir='ltr'>senatores</span> <span class='ocrx_word' id='word_1_162' title='bbox 469 2628 528 2694; x_wconf 91' lang='lat' dir='ltr'>sibi</span> <span class='ocrx_word' id='word_1_163' title='bbox 559 2630 756 2694; x_wconf 84' lang='lat' dir='ltr'>conciliaret.</span> <span class='ocrx_word' id='word_1_164' title='bbox 802 2629 892 2712; x_wconf 83' lang='lat' dir='ltr'>Quid</span> <span class='ocrx_word' id='word_1_165' title='bbox 927 2629 1028 2714; x_wconf 79' lang='lat' dir='ltr'>igitur</span> <span class='ocrx_word' id='word_1_166' title='bbox 1056 2631 1172 2711; x_wconf 85' lang='lat' dir='ltr'>obstat,</span> <span class='ocrx_word' id='word_1_167' title='bbox 1196 2628 1368 2714; x_wconf 87' lang='lat' dir='ltr'>quominus</span> 
     </span>
     <span class='ocr_line' id='line_1_22' title="bbox 271 2732 1370 2823; baseline -0.001 -21"><span class='ocrx_word' id='word_1_168' title='bbox 271 2748 380 2804; x_wconf 85' lang='lat' dir='ltr'>narret</span> <span class='ocrx_word' id='word_1_169' title='bbox 408 2734 469 2823; x_wconf 75' lang='grc' dir='ltr'>ἐγώ</span> <span class='ocrx_word' id='word_1_170' title='bbox 503 2737 538 2804; x_wconf 80' lang='grc' dir='ltr'>δὲ</span> <span class='ocrx_word' id='word_1_171' title='bbox 570 2735 610 2802; x_wconf 79' lang='grc' dir='ltr'>τὰ</span> <span class='ocrx_word' id='word_1_172' title='bbox 646 2737 784 2822; x_wconf 83' lang='grc' dir='ltr'><em>κορίανν’</em></span> <span class='ocrx_word' id='word_1_173' title='bbox 812 2733 973 2823; x_wconf 76' lang='grc' dir='ltr'><strong><em>ἐπριάμην</em></strong></span> <span class='ocrx_word' id='word_1_174' title='bbox 1009 2732 1210 2821; x_wconf 66' lang='lat' dir='ltr'>duodecennis</span> <span class='ocrx_word' id='word_1_175' title='bbox 1243 2733 1370 2802; x_wconf 76' lang='lat' dir='ltr'>dinume</span> 
     </span>
    </p>
   </div>
   <div class='ocr_carea' id='block_1_3' title="bbox 278 2919 482 2928">
    <p class='ocr_par' dir='ltr' id='par_1_3' title="bbox 278 2919 482 2928">
     <span class='ocr_line' id='line_1_23' title="bbox 278 2919 482 2928; baseline 0.005 -3"><span class='ocrx_word' id='word_1_176' title='bbox 278 2919 482 2928; x_wconf 55' lang='grc' dir='ltr'>ψ</span> 
     </span>
    </p>
   </div>
   <div class='ocr_carea' id='block_1_4' title="bbox 267 3019 1371 4330">
    <p class='ocr_par' dir='ltr' id='par_1_4' title="bbox 268 3019 1371 3282">
     <span class='ocr_line' id='line_1_24' title="bbox 271 3019 1370 3090; baseline 0.004 -18"><span class='ocrx_word' id='word_1_177' title='bbox 271 3024 332 3072; x_wconf 80' lang='lat' dir='ltr'>cest</span> <span class='ocrx_word' id='word_1_178' title='bbox 351 3021 380 3071; x_wconf 85' lang='lat' dir='ltr'>et</span> <span class='ocrx_word' id='word_1_179' title='bbox 399 3019 474 3090; x_wconf 84' lang='lat' dir='ltr'>apud</span> <span class='ocrx_word' id='word_1_180' title='bbox 492 3019 583 3088; x_wconf 89' lang='lat' dir='ltr'>ipsum</span> <span class='ocrx_word' id='word_1_181' title='bbox 594 3023 705 3088; x_wconf 86' lang='lat' dir='ltr'>poetam</span> <span class='ocrx_word' id='word_1_182' title='bbox 722 3019 765 3074; x_wconf 89' lang='lat' dir='ltr'>bis</span> <span class='ocrx_word' id='word_1_183' title='bbox 779 3024 857 3073; x_wconf 84' lang='lat' dir='ltr'>terve</span> <span class='ocrx_word' id='word_1_184' title='bbox 871 3025 979 3073; x_wconf 84' lang='lat' dir='ltr'>tantum</span> <span class='ocrx_word' id='word_1_185' title='bbox 991 3027 1128 3089; x_wconf 83' lang='lat' dir='ltr'>recurrat,</span> <span class='ocrx_word' id='word_1_186' title='bbox 1148 3023 1230 3076; x_wconf 87' lang='lat' dir='ltr'>abeo</span> <span class='ocrx_word' id='word_1_187' title='bbox 1249 3023 1370 3076; x_wconf 83' lang='lat' dir='ltr'>alienum</span> 
     </span>
     <span class='ocr_line' id='line_1_25' title="bbox 268 3115 1371 3192; baseline 0.005 -25"><span class='ocrx_word' id='word_1_188' title='bbox 268 3121 352 3184; x_wconf 85' lang='lat' dir='ltr'>atque</span> <span class='ocrx_word' id='word_1_189' title='bbox 377 3115 426 3167; x_wconf 88' lang='lat' dir='ltr'>bos</span> <span class='ocrx_word' id='word_1_190' title='bbox 448 3115 524 3168; x_wconf 89' lang='lat' dir='ltr'>locos</span> <span class='ocrx_word' id='word_1_191' title='bbox 543 3116 729 3192; x_wconf 87' lang='lat' dir='ltr'>emendandos</span> <span class='ocrx_word' id='word_1_192' title='bbox 751 3133 810 3170; x_wconf 86' lang='lat' dir='ltr'>esse</span> <span class='ocrx_word' id='word_1_193' title='bbox 831 3134 1001 3172; x_wconf 87' lang='lat' dir='ltr'>censeamus.</span> <span class='ocrx_word' id='word_1_194' title='bbox 1040 3117 1120 3186; x_wconf 79' lang='lat' dir='ltr'>Quod</span> <span class='ocrx_word' id='word_1_195' title='bbox 1139 3137 1202 3173; x_wconf 90' lang='lat' dir='ltr'>eum</span> <span class='ocrx_word' id='word_1_196' title='bbox 1220 3119 1305 3172; x_wconf 84' lang='lat' dir='ltr'>letius</span> <span class='ocrx_word' id='word_1_197' title='bbox 1323 3138 1371 3190; x_wconf 81' lang='lat' dir='ltr'>pa-</span> 
     </span>
     <span class='ocr_line' id='line_1_26' title="bbox 274 3190 791 3282; baseline 0.006 -17"><span class='ocrx_word' id='word_1_198' title='bbox 274 3216 333 3266; x_wconf 85' lang='lat' dir='ltr'>teat</span> <span class='ocrx_word' id='word_1_199' title='bbox 352 3229 407 3266; x_wconf 91' lang='lat' dir='ltr'>uno</span> <span class='ocrx_word' id='word_1_200' title='bbox 427 3212 554 3282; x_wconf 89' lang='lat' dir='ltr'>exemplo</span> <span class='ocrx_word' id='word_1_201' title='bbox 574 3214 693 3282; x_wconf 88' lang='lat' dir='ltr'>probare</span> <span class='ocrx_word' id='word_1_202' title='bbox 712 3190 791 3268; x_wconf 87' lang='lat' dir='ltr'>libet.</span> 
     </span>
    </p>

    <p class='ocr_par' dir='ltr' id='par_1_5' title="bbox 267 3303 1371 4330">
     <span class='ocr_line' id='line_1_27' title="bbox 371 3303 1368 3385; baseline 0.002 -22"><span class='ocrx_word' id='word_1_203' title='bbox 371 3309 402 3363; x_wconf 88' lang='lat' dir='ltr'>G.</span> <span class='ocrx_word' id='word_1_204' title='bbox 420 3309 641 3363; x_wconf 86' lang='lat' dir='ltr'>Hermennus</span> <span class='ocrx_word' id='word_1_205' title='bbox 661 3311 696 3364; x_wconf 86' lang='lat' dir='ltr'>ed</span> <span class='ocrx_word' id='word_1_206' title='bbox 714 3311 786 3364; x_wconf 88' lang='lat' dir='ltr'>Nub.</span> <span class='ocrx_word' id='word_1_207' title='bbox 806 3313 858 3365; x_wconf 79' lang='grc'>616</span> <span class='ocrx_word' id='word_1_208' title='bbox 886 3311 948 3381; x_wconf 79' lang='lat'>(817</span> <span class='ocrx_word' id='word_1_209' title='bbox 967 3311 1062 3380; x_wconf 85' lang='lat' dir='ltr'>Mein.)</span> <span class='ocrx_word' id='word_1_210' title='bbox 1081 3307 1129 3364; x_wconf 78' lang='grc' dir='ltr'>οὐκ</span> <span class='ocrx_word' id='word_1_211' title='bbox 1148 3303 1177 3364; x_wconf 82' lang='grc' dir='ltr'>εὖ</span> <span class='ocrx_word' id='word_1_212' title='bbox 1198 3311 1311 3384; x_wconf 79' lang='grc' dir='ltr'><strong><em>φρονεῖς</em></strong></span> <span class='ocrx_word' id='word_1_213' title='bbox 1328 3308 1368 3385; x_wconf 79' lang='grc' dir='ltr'>μὰ</span> 
     </span>
     <span class='ocr_line' id='line_1_28' title="bbox 269 3400 1371 3478; baseline 0.005 -22"><span class='ocrx_word' id='word_1_214' title='bbox 269 3402 319 3457; x_wconf 86' lang='grc' dir='ltr'>τὸν</span> <span class='ocrx_word' id='word_1_215' title='bbox 337 3409 403 3458; x_wconf 86' lang='grc' dir='ltr'>Δία</span> <span class='ocrx_word' id='word_1_216' title='bbox 422 3403 471 3460; x_wconf 83' lang='grc' dir='ltr'>τὸν</span> <span class='ocrx_word' id='word_1_217' title='bbox 486 3400 635 3477; x_wconf 75' lang='grc' dir='ltr'><strong><em>Ὀλύμπιον</em></strong></span> <span class='ocrx_word' id='word_1_218' title='bbox 660 3407 820 3460; x_wconf 86' lang='lat' dir='ltr'>observavit</span> <span class='ocrx_word' id='word_1_219' title='bbox 848 3414 974 3461; x_wconf 81' lang='lat' dir='ltr'>Ala-non</span> <span class='ocrx_word' id='word_1_220' title='bbox 996 3409 1115 3462; x_wconf 85' lang='lat' dir='ltr'>inveniri</span> <span class='ocrx_word' id='word_1_221' title='bbox 1133 3409 1173 3462; x_wconf 88' lang='lat' dir='ltr'>sie</span> <span class='ocrx_word' id='word_1_222' title='bbox 1191 3409 1322 3478; x_wconf 85' lang='lat' dir='ltr'>positum.</span> <span class='ocrx_word' id='word_1_223' title='bbox 1341 3413 1371 3462; x_wconf 86' lang='grc' dir='ltr'>ιιι</span> 
     </span>
     <span class='ocr_line' id='line_1_29' title="bbox 271 3498 1368 3575; baseline 0.006 -23"><span class='ocrx_word' id='word_1_224' title='bbox 271 3500 367 3553; x_wconf 86' lang='lat' dir='ltr'>ultima</span> <span class='ocrx_word' id='word_1_225' title='bbox 384 3500 413 3553; x_wconf 92' lang='lat' dir='ltr'>in</span> <span class='ocrx_word' id='word_1_226' title='bbox 431 3502 490 3554; x_wconf 88' lang='lat' dir='ltr'>ictu</span> <span class='ocrx_word' id='word_1_227' title='bbox 511 3502 548 3554; x_wconf 82' lang='lat' dir='ltr'>sit</span> <span class='ocrx_word' id='word_1_228' title='bbox 563 3502 690 3569; x_wconf 87' lang='lat' dir='ltr'>uisiLys.</span> <span class='ocrx_word' id='word_1_229' title='bbox 704 3505 738 3554; x_wconf 86' lang='grc'>24</span> <span class='ocrx_word' id='word_1_230' title='bbox 752 3507 797 3555; x_wconf 77' lang='grc' dir='ltr'>καὶ</span> <span class='ocrx_word' id='word_1_231' title='bbox 816 3501 848 3570; x_wconf 85' lang='grc' dir='ltr'>νὴ</span> <span class='ocrx_word' id='word_1_232' title='bbox 868 3510 922 3556; x_wconf 87' lang='grc' dir='ltr'>Δία</span> <span class='ocrx_word' id='word_1_233' title='bbox 941 3498 1024 3575; x_wconf 77' lang='grc' dir='ltr'><em>παχύ,</em></span> <span class='ocrx_word' id='word_1_234' title='bbox 1044 3523 1126 3573; x_wconf 88' lang='lat' dir='ltr'>quem</span> <span class='ocrx_word' id='word_1_235' title='bbox 1143 3508 1237 3558; x_wconf 81' lang='lat' dir='ltr'>temen</span> <span class='ocrx_word' id='word_1_236' title='bbox 1256 3522 1368 3558; x_wconf 83' lang='lat' dir='ltr'>versum</span> 
     </span>
     <span class='ocr_line' id='line_1_30' title="bbox 268 3595 1369 3670; baseline 0.005 -22"><span class='ocrx_word' id='word_1_237' title='bbox 268 3597 303 3649; x_wconf 91' lang='lat' dir='ltr'>de</span> <span class='ocrx_word' id='word_1_238' title='bbox 322 3595 390 3649; x_wconf 88' lang='lat' dir='ltr'>vitio</span> <span class='ocrx_word' id='word_1_239' title='bbox 416 3600 575 3665; x_wconf 87' lang='lat' dir='ltr'>suspectum</span> <span class='ocrx_word' id='word_1_240' title='bbox 601 3596 695 3650; x_wconf 82' lang='lat' dir='ltr'>habet.</span> <span class='ocrx_word' id='word_1_241' title='bbox 738 3597 832 3665; x_wconf 90' lang='lat' dir='ltr'>Neque</span> <span class='ocrx_word' id='word_1_242' title='bbox 852 3599 952 3653; x_wconf 87' lang='lat' dir='ltr'>iniuria</span> <span class='ocrx_word' id='word_1_243' title='bbox 972 3601 1046 3654; x_wconf 88' lang='lat' dir='ltr'>huuc</span> <span class='ocrx_word' id='word_1_244' title='bbox 1064 3614 1174 3656; x_wconf 87' lang='lat' dir='ltr'>versum</span> <span class='ocrx_word' id='word_1_245' title='bbox 1193 3608 1224 3656; x_wconf 87' lang='lat' dir='ltr'>ut</span> <span class='ocrx_word' id='word_1_246' title='bbox 1244 3602 1369 3670; x_wconf 78' lang='lat' dir='ltr'>spurium</span> 
     </span>
     <span class='ocr_line' id='line_1_31' title="bbox 269 3693 1364 3767; baseline 0.004 -21"><span class='ocrx_word' id='word_1_247' title='bbox 269 3693 414 3747; x_wconf 78' lang='lat' dir='ltr'>occlusisse</span> <span class='ocrx_word' id='word_1_248' title='bbox 438 3693 549 3747; x_wconf 82' lang='lat' dir='ltr'>videtur</span> <span class='ocrx_word' id='word_1_249' title='bbox 567 3693 730 3749; x_wconf 86' lang='lat' dir='ltr'>Meinekius.</span> <span class='ocrx_word' id='word_1_250' title='bbox 777 3695 831 3748; x_wconf 86' lang='lat' dir='ltr'>Sed</span> <span class='ocrx_word' id='word_1_251' title='bbox 848 3696 1023 3750; x_wconf 86' lang='lat' dir='ltr'>Hermannus</span> <span class='ocrx_word' id='word_1_252' title='bbox 1052 3703 1128 3752; x_wconf 87' lang='lat' dir='ltr'>reete</span> <span class='ocrx_word' id='word_1_253' title='bbox 1146 3698 1223 3766; x_wconf 89' lang='lat' dir='ltr'>feeit,</span> <span class='ocrx_word' id='word_1_254' title='bbox 1243 3698 1319 3767; x_wconf 92' lang='lat' dir='ltr'>quod</span> <span class='ocrx_word' id='word_1_255' title='bbox 1337 3698 1364 3750; x_wconf 90' lang='lat' dir='ltr'>in</span> 
     </span>
     <span class='ocr_line' id='line_1_32' title="bbox 268 3791 1369 3862; baseline 0.003 -17"><span class='ocrx_word' id='word_1_256' title='bbox 268 3791 394 3851; x_wconf 87' lang='lat' dir='ltr'>Nubibus</span> <span class='ocrx_word' id='word_1_257' title='bbox 413 3791 482 3845; x_wconf 90' lang='lat' dir='ltr'>nibil</span> <span class='ocrx_word' id='word_1_258' title='bbox 508 3793 634 3856; x_wconf 84' lang='lat' dir='ltr'>mutavit,</span> <span class='ocrx_word' id='word_1_259' title='bbox 654 3809 718 3845; x_wconf 91' lang='lat' dir='ltr'>eum</span> <span class='ocrx_word' id='word_1_260' title='bbox 736 3793 889 3846; x_wconf 85' lang='lat' dir='ltr'>Meinekius</span> <span class='ocrx_word' id='word_1_261' title='bbox 909 3799 937 3846; x_wconf 89' lang='lat' dir='ltr'>et</span> <span class='ocrx_word' id='word_1_262' title='bbox 956 3794 1004 3862; x_wconf 88' lang='lat' dir='ltr'>qui</span> <span class='ocrx_word' id='word_1_263' title='bbox 1024 3811 1086 3847; x_wconf 91' lang='lat' dir='ltr'>eum</span> <span class='ocrx_word' id='word_1_264' title='bbox 1104 3799 1214 3848; x_wconf 84' lang='lat' dir='ltr'>secutus</span> <span class='ocrx_word' id='word_1_265' title='bbox 1236 3802 1280 3850; x_wconf 85' lang='lat' dir='ltr'>est</span> <span class='ocrx_word' id='word_1_266' title='bbox 1299 3795 1369 3848; x_wconf 86' lang='lat' dir='ltr'>Koo-</span> 
     </span>
     <span class='ocr_line' id='line_1_33' title="bbox 269 3883 1367 3961; baseline 0.003 -22"><span class='ocrx_word' id='word_1_267' title='bbox 269 3887 330 3939; x_wconf 89' lang='lat' dir='ltr'>kius</span> <span class='ocrx_word' id='word_1_268' title='bbox 348 3887 530 3956; x_wconf 86' lang='lat' dir='ltr'>scripserint:</span> <span class='ocrx_word' id='word_1_269' title='bbox 549 3884 589 3960; x_wconf 79' lang='grc' dir='ltr'>μὰ</span> <span class='ocrx_word' id='word_1_270' title='bbox 602 3885 651 3940; x_wconf 81' lang='grc' dir='ltr'>τὸν</span> <span class='ocrx_word' id='word_1_271' title='bbox 661 3891 705 3941; x_wconf 82' lang='grc' dir='ltr'>Δί’</span> <span class='ocrx_word' id='word_1_272' title='bbox 725 3885 764 3942; x_wconf 85' lang='grc' dir='ltr'>οὐ</span> <span class='ocrx_word' id='word_1_273' title='bbox 781 3887 830 3943; x_wconf 79' lang='grc' dir='ltr'>τὸν</span> <span class='ocrx_word' id='word_1_274' title='bbox 844 3883 998 3961; x_wconf 73' lang='grc' dir='ltr'><strong><em>Ὀλύμπιον,</em></strong></span> <span class='ocrx_word' id='word_1_275' title='bbox 1018 3907 1100 3958; x_wconf 87' lang='lat' dir='ltr'>quam</span> <span class='ocrx_word' id='word_1_276' title='bbox 1115 3891 1284 3959; x_wconf 85' lang='lat' dir='ltr'>scripturam</span> <span class='ocrx_word' id='word_1_277' title='bbox 1296 3907 1367 3959; x_wconf 90' lang='lat' dir='ltr'>quo-</span> 
     </span>
     <span class='ocr_line' id='line_1_34' title="bbox 267 3983 1368 4056; baseline 0.002 -19"><span class='ocrx_word' id='word_1_278' title='bbox 267 3983 350 4038; x_wconf 89' lang='lat' dir='ltr'>modo</span> <span class='ocrx_word' id='word_1_279' title='bbox 369 3986 408 4037; x_wconf 91' lang='lat' dir='ltr'>eis</span> <span class='ocrx_word' id='word_1_280' title='bbox 428 4001 498 4054; x_wconf 84' lang='lat' dir='ltr'>quae</span> <span class='ocrx_word' id='word_1_281' title='bbox 517 3985 553 4038; x_wconf 88' lang='lat' dir='ltr'>ad</span> <span class='ocrx_word' id='word_1_282' title='bbox 571 4003 596 4038; x_wconf 90' lang='lat' dir='ltr'>v.</span> <span class='ocrx_word' id='word_1_283' title='bbox 619 3987 686 4038; x_wconf 87' lang='grc'>1066</span> <span class='ocrx_word' id='word_1_284' title='bbox 715 3985 826 4049; x_wconf 82' lang='lat' dir='ltr'>adtulit,</span> <span class='ocrx_word' id='word_1_285' title='bbox 857 3987 990 4056; x_wconf 87' lang='lat' dir='ltr'>exemplis</span> <span class='ocrx_word' id='word_1_286' title='bbox 1016 3986 1147 4040; x_wconf 87' lang='lat' dir='ltr'>defendat</span> <span class='ocrx_word' id='word_1_287' title='bbox 1165 3986 1289 4041; x_wconf 88' lang='lat' dir='ltr'>Koekius</span> <span class='ocrx_word' id='word_1_288' title='bbox 1310 3988 1368 4056; x_wconf 87' lang='lat' dir='ltr'>ipse</span> 
     </span>
     <span class='ocr_line' id='line_1_35' title="bbox 267 4061 1367 4155; baseline -0.001 -21"><span class='ocrx_word' id='word_1_289' title='bbox 267 4061 376 4134; x_wconf 69' lang='lat' dir='ltr'>viderit.</span> <span class='ocrx_word' id='word_1_290' title='bbox 419 4076 457 4136; x_wconf 79' lang='grc' dir='ltr'>Οὐ</span> <span class='ocrx_word' id='word_1_291' title='bbox 482 4077 523 4152; x_wconf 86' lang='grc' dir='ltr'>μὰ</span> <span class='ocrx_word' id='word_1_292' title='bbox 550 4079 599 4134; x_wconf 87' lang='grc' dir='ltr'>τὸν</span> <span class='ocrx_word' id='word_1_293' title='bbox 620 4083 664 4134; x_wconf 82' lang='grc' dir='ltr'>Δί’</span> <span class='ocrx_word' id='word_1_294' title='bbox 693 4077 741 4134; x_wconf 78' lang='grc' dir='ltr'>οὐκ</span> <span class='ocrx_word' id='word_1_295' title='bbox 768 4073 797 4133; x_wconf 81' lang='grc' dir='ltr'>εὖ</span> <span class='ocrx_word' id='word_1_296' title='bbox 815 4090 925 4154; x_wconf 79' lang='grc' dir='ltr'><strong><em>φρονεῖς</em></strong></span> <span class='ocrx_word' id='word_1_297' title='bbox 948 4099 1049 4151; x_wconf 78' lang='lat' dir='ltr'>greeae</span> <span class='ocrx_word' id='word_1_298' title='bbox 1071 4083 1127 4137; x_wconf 82' lang='lat' dir='ltr'>diei</span> <span class='ocrx_word' id='word_1_299' title='bbox 1144 4087 1255 4152; x_wconf 74' lang='lat' dir='ltr'>polest,</span> <span class='ocrx_word' id='word_1_300' title='bbox 1277 4079 1308 4136; x_wconf 81' lang='grc' dir='ltr'>οὐ</span> <span class='ocrx_word' id='word_1_301' title='bbox 1327 4101 1367 4155; x_wconf 81' lang='grc' dir='ltr'>μα</span> 
     </span>
     <span class='ocr_line' id='line_1_36' title="bbox 268 4171 1369 4254; baseline 0.004 -24"><span class='ocrx_word' id='word_1_302' title='bbox 268 4173 317 4230; x_wconf 78' lang='grc' dir='ltr'>τὸν</span> <span class='ocrx_word' id='word_1_303' title='bbox 334 4178 380 4230; x_wconf 83' lang='grc' dir='ltr'>Δί’</span> <span class='ocrx_word' id='word_1_304' title='bbox 405 4173 436 4230; x_wconf 81' lang='grc' dir='ltr'>οὐ</span> <span class='ocrx_word' id='word_1_305' title='bbox 455 4175 504 4232; x_wconf 78' lang='grc' dir='ltr'>τὸν</span> <span class='ocrx_word' id='word_1_306' title='bbox 519 4171 668 4250; x_wconf 74' lang='grc' dir='ltr'><strong><em>Ὀλύμπιον</em></strong></span> <span class='ocrx_word' id='word_1_307' title='bbox 690 4178 815 4246; x_wconf 83' lang='lat' dir='ltr'>quamvis</span> <span class='ocrx_word' id='word_1_308' title='bbox 835 4181 985 4254; x_wconf 70' lang='lat' dir='ltr'>probatum</span> <span class='ocrx_word' id='word_1_309' title='bbox 1002 4179 1143 4234; x_wconf 87' lang='lat' dir='ltr'>Meinekio</span> <span class='ocrx_word' id='word_1_310' title='bbox 1165 4185 1258 4234; x_wconf 77' lang='lat' dir='ltr'>tamen</span> <span class='ocrx_word' id='word_1_311' title='bbox 1277 4181 1369 4234; x_wconf 83' lang='lat' dir='ltr'>soloe-</span> 
     </span>
     <span class='ocr_line' id='line_1_37' title="bbox 268 4278 402 4330; baseline -0.007 0"><span class='ocrx_word' id='word_1_312' title='bbox 268 4291 331 4330; x_wconf 90' lang='lat' dir='ltr'>cum</span> <span class='ocrx_word' id='word_1_313' title='bbox 350 4278 402 4330; x_wconf 83' lang='lat' dir='ltr'>est.</span> 
     </span>
    </p>
   </div>
   <div class='ocr_carea' id='block_1_5' title="bbox 0 0 1532 5052">
    <p class='ocr_par' dir='ltr' id='par_1_6' title="bbox 0 0 1532 5052">
     <span class='ocr_line' id='line_1_38' title="bbox 0 0 1532 5052; baseline 0 1"><span class='ocrx_word' id='word_1_314' title='bbox 0 0 1532 5052; x_wconf 95' lang='lat' dir='ltr'> </span> 
     </span>
    </p>
   </div>
  </div>
 </body>
</html>
