3112 5062
659 367 664 376 ·
693 349 714 416 ὃ

134 529 364 611 ΔΗεειταιιιιιιιε
385 541 533 608 Kookins
557 539 725 625 Borgkius
743 535 926 604 Meinekius
949 535 1115 620 praeferre
1138 540 1255 619 potue-

155 655 222 720 rint
244 653 440 721 Ravennatis
466 661 498 717 et
518 650 638 716 Veneti
660 668 867 715 communem
889 645 973 709 hanc
995 643 1209 730 scripturam:

278 757 361 846 ὅπερ
384 757 416 827 οῖ
441 758 626 846 προτένθαι
645 753 705 844 γὰρ
729 757 864 824 δοκοῦσι’
886 780 944 840 μοι
967 759 1105 821 ποιεῖν

155 873 232 938 huic
256 867 440 936 ceterorum
464 870 613 934 codicum
636 868 791 933 lectioni:

286 975 369 1063 ὅπερ
393 973 424 1044 οῖ
447 967 631 1062 προτένθαι
655 973 714 1063 γὰρ
735 975 870 1042 δοκοῦσι’
890 1000 948 1059 μοι
969 977 1133 1038 παθεῖν

237 1088 323 1153 Nam
346 1088 432 1175 qnod
453 1089 664 1152 Hermannus
688 1085 811 1154 monuit
834 1089 947 1150 ποιεῖν
969 1085 1009 1148 ab
1032 1081 1192 1170 imperitis
1216 1081 1251 1146 li-

154 1197 272 1264 brariis
303 1198 337 1261 in
361 1198 422 1262 hac
458 1196 535 1261 sedo
559 1196 712 1260 facillime
746 1194 863 1259 mutari
896 1193 1040 1281 potuisse
1063 1193 1097 1258 in
1117 1195 1254 1274 παθεῖν,

155 1307 215 1373 etsi
241 1305 364 1371 homini
387 1305 575 1370 doctissimo
599 1305 712 1390 largiri
735 1327 918 1392 possumus,
941 1312 1050 1368 tamen
1065 1302 1158 1367 nobis
1181 1323 1254 1366 con·

155 1416 338 1483 cedendum
353 1415 427 1498 erit,
451 1416 477 1478 si
493 1415 685 1479 alterutrum
703 1414 935 1502 interpolatum
958 1423 1017 1491 eat,
1039 1412 1140 1476 multo
1156 1410 1253 1475 maio-

153 1547 226 1590 rem
255 1513 514 1612 interpolationis
548 1523 690 1609 speciem
712 1513 823 1587 ποιεῖν
855 1543 933 1608 prae
964 1513 1014 1585 εο
1035 1521 1121 1585 ferre
1157 1544 1253 1604 quam

153 1637 290 1699 παθεῖν.
323 1632 466 1697 Accedit
497 1632 584 1718 quod
608 1635 735 1696 παθεῖν
757 1629 989 1719 Aristophanis
1011 1631 1085 1695 usui
1117 1630 1252 1715 egregie

155 1741 329 1824 convenit,
353 1743 395 1806 cf.
418 1740 557 1806 Teuffel.
583 1739 624 1805 ad
657 1763 688 1803 v.
704 1739 776 1804 234.
801 1740 982 1822 Postremo,
1006 1739 1040 1803 id
1063 1739 1150 1826 qnod
1184 1761 1252 1802 rem

155 1850 307 1936 conficit,
340 1851 394 1936 qni
418 1859 574 1916 secuntur
598 1849 709 1915 aoristi
733 1844 910 1937 ὑφελοίατο
932 1887 972 1895 -
986 1840 1254 1933 προύτένθευσαν

156 1962 389 2050 postulantra
411 1960 505 2024 etiarn
529 1961 591 2024 hoc
614 1981 710 2025 versu
733 1959 871 2024 aoristua
893 1959 1031 2044 legatur.
1056 1957 1174 2045 Neque
1190 1959 1252 2024 hoc

154 2072 224 2138 solo
260 2071 333 2135 loco
359 2072 530 2137 Ravennae
560 2079 592 2134 et
615 2069 761 2133 Vcnetus
794 2069 980 2154 interpolati
1011 2078 1105 2148 sunt,
1139 2090 1252 2132 verum

152 2181 253 2246 etiarn
274 2203 303 2243 v.
320 2179 411 2264 1298,
431 2179 487 2243 ubi
510 2201 582 2243 cnm
605 2178 704 2243 ceteri
720 2177 851 2242 codices
872 2176 1053 2241 rectissime
1077 2176 1253 2242 exhibeant

155 2277 182 2354 ci
198 2284 364 2378 σαμφόρα,
385 2275 417 2354 hi
441 2290 504 2354 duo
528 2288 682 2374 scriptum
697 2272 862 2352 habencd
883 2285 1004 2368 Πασιά,
1022 2309 1118 2372 quam
1133 2288 1252 2352 malam

153 2400 461 2485 interpretationem
491 2420 562 2463 csso
598 2397 760 2462 nominem
793 2397 889 2481 fugit.
932 2396 1007 2462 Non
1033 2396 1137 2482 magis
1173 2419 1251 2462 vcro

155 2530 249 2594 quam
273 2507 354 2572 haec
376 2505 663 2592 interpolationum
695 2505 879 2570 communio
902 2505 989 2570 casui
1014 2504 1113 2570 tribui
1144 2514 1252 2592 potest

153 2617 339 2680 communio
364 2613 652 2701 transpositionem
667 2614 868 2701 quarundam
891 2624 923 2678 et
948 2615 1250 2698 lacuna1·um;nam

153 2745 195 2788 nc
218 2723 314 2788 huius
346 2723 478 2810 quidem
503 2723 655 2787 vitiorum
680 2722 810 2808 generis
843 2724 996 2811 exempla
1022 2725 1149 2789 desunt.
1195 2725 1250 2792 Sic

152 2857 182 2898 v.
203 2834 262 2900 601
287 2833 458 2898 Ravennae
489 2842 522 2896 et
544 2832 691 2898 Venetus
721 2832 879 2896 exhibent
911 2835 1032 2917 ταῦρος
1052 2827 1169 2918 τραγὸς
1191 2857 1249 2921 pro

150 2936 268 3027 τραγὸς
291 2945 431 3026 ταῦρος,
454 2965 484 3006 v.
510 2942 591 3006 1164
616 2938 756 3007 ἔνδοθεν
777 2941 900 3026 τρέχων
926 2963 985 3030 pro
1013 2941 1135 3027 τρέχων
1159 2938 1251 3008 ἔνδο-

153 3055 224 3130 θεν,
250 3074 281 3118 v.
297 3051 379 3116 1384
400 3043 459 3116 oria
482 3041 521 3115 ἷῖν
545 3074 603 3140 pro
627 3044 666 3115 dv
688 3042 755 3128 oria,
779 3073 808 3116 v.
826 3053 903 3120 1081
929 3048 973 3129 ὠς
995 3047 1119 3138 ἔρωτός
1139 3077 1174 3118 τε
1197 3053 1251 3118 καὶ

141 3165 307 3246 ’γυναικῶν
330 3157 436 3248 ἥττων
450 3185 510 3249 pro
540 3157 585 3239 ὥς
606 3156 712 3245 ἥττων
743 3158 867 3244 ἔρωτος
898 3160 967 3226 ἐστὶ
1001 3162 1249 3247 καὶγυναικῶν,

153 3270 272 3334 omissa
293 3280 368 3333 sunt
390 3271 422 3335 in
452 3279 590 3356 utroquo
621 3270 845 3353 monosyllaba
871 3293 901 3333 v.
927 3270 1007 3334 1086
1034 3266 1081 3348 dv,
1114 3293 1143 3336 v.
1169 3272 1249 3336 1198
1347 3349 1349 3353 Α
1424 3349 1427 3354 Α

150 3377 221 3464 γὰρ,
235 3401 265 3443 v.
282 3378 358 3442 1231
376 3370 456 3462 ἀλλ’,
470 3402 500 3442 v.
516 3378 596 3442 1499
608 3377 671 3462 καὶ,
681 3401 711 3442 v.
730 3379 811 3443 1th
825 3401 871 3463 γε,
887 3379 1049 3464 bisyllaba
1061 3380 1161 3445 aaa&
1173 3406 1250 3468 χρη-

150 3484 229 3556 στὸν
255 3487 356 3573 (quod
375 3487 568 3553 Dindorfius
590 3487 831 3575 praetermisit),
852 3511 882 3552 v.
897 3487 957 3552 929
979 3492 1104 3567 τοῦτον,
1123 3513 1152 3552 v.
1169 3491 1249 3555 1006

149 3599 264 3685 λευκῷ,
290 3621 319 3664 v.
343 3597 423 3662 1048
446 3595 576 3662 παίδων
610 3597 707 3676 (falso
743 3596 828 3661 enirn
855 3597 1048 3663 Dindorfius
1081 3598 1248 3664 adnotavit

151 3707 255 3771 solum
270 3707 496 3773 Ravennatem
511 3706 573 3771 hoc
592 3709 787 3772 vocabulum
804 3710 982 3793 omittere),
1003 3733 1032 3774 v.
1049 3710 1125 3774 1361
1145 3707 1247 3776 ἔνδον.

152 3815 379 3904 Colophonem
411 3816 501 3880 addit
533 3816 618 3903 quod
651 3816 715 3880 dno
745 3838 858 3882 versus
889 3818 1010 3905 integri
1043 3819 1077 3883 in
1108 3829 1247 3908 utroquo

153 3924 266 3990 codice
290 3923 399 3996 omissi
422 3935 506 4008 sunt,
528 3947 559 3990 v.
584 3925 642 3988 114
663 3935 696 3990 et
717 3949 747 3990 v.
773 3927 861 3990 1100.

248 4032 301 4097 Ex
322 4033 480 4121 Vespis
510 4033 536 4100 ai
570 4033 695 4122 leviora
730 4035 881 4100 omittere
906 4037 1060 4121 volucria,
1089 4037 1129 4102 ad
1159 4038 1247 4102 Her-

149 4141 258 4206 manni
293 4142 485 4206 sententiam
517 4143 773 4208 confirmandam
806 4143 938 4210 adferre
969 4146 1088 4232 poteris
1118 4148 1245 4213 Raven-

149 4261 258 4315 natem
285 4261 317 4316 et
343 4251 506 4316 Venatum
530 4253 693 4318 communi
724 4253 802 4318 vitio
825 4279 855 4318 v.
880 4256 940 4319 577
976 4255 1131 4320 exhibere
1155 4246 1245 4340 ιῖχρις
