3112 5062
797 338 839 404 36

274 525 365 592 sione
389 526 464 592 data
489 551 553 594 non
579 549 709 616 possum
735 526 812 615 quin
842 503 950 590 notem
976 517 1114 606 Bergkii
1136 537 1292 598 errorem,
1317 513 1372 598 qui

274 635 376 724 Vesp.
403 635 482 702 1192
522 637 599 724 quic
619 637 767 702 Venetus
800 633 934 702 exbibet
965 621 1025 717 ἤδη
1056 627 1160 714 γέρων
1181 619 1227 690 ὢν
1256 617 1376 700 πολιὸς

276 734 322 808 ‹t‘v
341 767 400 832 pre
425 735 485 832 ἤδη
515 745 618 831 γέρων
649 739 695 810 ὢν
724 744 779 812 καὶ
810 737 928 820 πολιὸς
950 738 1130 822 ,fortasso“
1163 733 1373 802 scribendum
1422 783 1426 790 .

276 874 348 920 esse
370 853 549 941 suspicatus
573 863 622 920 est
644 843 705 940 ἤδη
726 852 829 938 γέρων
850 849 905 916 καὶ
927 841 1046 925 πολιὸς
1070 835 1125 926 ὧν,
1147 843 1233 931 quod
1248 840 1375 906 Aristo·

278 958 418 1046 pbsncm
448 959 615 1046 scripsisse
638 980 736 1044 nego.
780 957 848 1024 Sed
871 957 949 1022 talio
981 965 1018 1019 nt
1041 951 1242 1032 tenebimus,
1266 948 1321 1014 ubi
1342 947 1376 1011 in

276 1067 450 1134 codicibus
486 1069 602 1134 tradita
638 1078 720 1151 suut,
743 1068 789 1134 ita
821 1065 1005 1132 cavendum
1030 1072 1095 1144 est,
1125 1081 1167 1126 ne
1201 1059 1261 1146 ipsi
1286 1059 1375 1122 ultro

277 1175 463 1242 inferamus.
515 1177 597 1244 Nam
621 1177 802 1260 hecquem
827 1174 1046 1264 periculosum
1071 1170 1112 1236 sit
1140 1191 1183 1234 ex
1207 1167 1324 1234 Cobeti
1347 1175 1382 1232 et

279 1283 434 1350 Moiuckii
466 1285 499 1352 in
530 1287 644 1352 eodem
680 1307 804 1372 genere
833 1282 995 1350 communi
1019 1302 1131 1346 errore
1160 1277 1380 1362 intellegitur,

280 1415 343 1480 quo
367 1393 428 1480 Eq.
445 1395 508 1460 270
529 1418 607 1483 pro:

382 1581 384 1586 Ι
405 1496 551 1586 ὡσπερεὶ
570 1501 722 1588 γέροντας
743 1498 849 1590 ἡμᾶς
870 1501 924 1568 καὶ
947 1492 1189 1584 κοβαλικεύεται

280 1608 500 1698 scripserunt:

407 1712 553 1802 ὡσπερεὶ
573 1718 725 1804 γέροντας
747 1710 867 1797 darae
889 1717 943 1784 καὶ
963 1709 1216 1800 κοβαλικεύεται,
1295 1732 1298 1738 ’

282 1825 490 1894 aeodicibus
523 1850 562 1894 eo
594 1829 705 1911 adiuti,
730 1828 818 1914 quod
848 1829 883 1892 in
905 1828 1094 1894 Ravennate
1117 1819 1201 1911 ἡμᾶς
1222 1821 1380 1888 omissum

287 1943 346 2002 est.
372 1932 474 2000 Cuius
501 1937 735 2002 emendationis
760 1937 815 2024 qui
836 1947 950 2002 auctor
971 1936 1032 2002 fuit
1053 1934 1241 1999 Cobetus
1259 1932 1383 1997 Mnem.

286 2040 344 2106 IV.
371 2065 401 2129 p.
424 2043 487 2143 ⁴133
521 2053 692 2131 postquam
723 2047 809 2112 Aah.
838 2047 915 2130 221,
948 2046 1005 2111 ubi
1041 2043 1213 2112 Ravennae
1248 2040 1384 2106 exhibet

283 2149 430 2235 μηδέπιρ
451 2149 604 2236 γέροντας
625 2150 774 2242 ἐκφυγών
797 2147 971 2240 Ἀχαροέας
1003 2177 1077 2220 oum
1105 2155 1168 2218 boc
1202 2153 1276 2218 loeo
1301 2157 1381 2215 con·

286 2257 367 2339 tulit,
401 2260 447 2325 sic
483 2262 607 2350 porgit:
640 2264 754 2344 ,Idem
789 2265 962 2351 utrobique
1003 2264 1118 2328 vitium
1159 2271 1228 2344 est,
1266 2259 1383 2325 eodem

287 2365 384 2432 modo
414 2379 524 2434 natum
551 2381 583 2436 et
613 2373 794 2466 tollendum
831 2395 976 2461 quoque:
1006 2393 1126 2458 nempe
1153 2380 1189 2436 ut
1212 2369 1266 2436 hio
1297 2367 1383 2456 apud

287 2496 399 2541 omnes
438 2489 528 2544 recte
572 2482 725 2548 scribitur
764 2481 911 2569 μηδέπερ
950 2481 1102 2569 γέροντας
1143 2471 1238 2558 ὄντας
1263 2480 1302 2562 ¹),
1334 2477 1384 2544 sic

287 2583 592 2654 illic·.scribendum
626 2586 769 2675 ιὺσπερεὶ
805 2591 957 2678 γέροντας
988 2582 1092 2669 ὄντας.
1138 2589 1202 2671 Qui
1237 2588 1384 2654 codicem

289 2694 452 2767 Venetum
491 2699 635 2788 scripsit,
671 2701 711 2766 de
748 2724 805 2766 suo
838 2697 923 2788 ἡμᾶς
955 2701 1177 2789 interpolavit,
1203 2710 1240 2764 ut
1266 2698 1387 2785 passim

289 2804 544 2893 Aristophanem
577 2810 703 2876 levibus
736 2811 929 2877 coniecturis
961 2835 1019 2882 suo
1054 2810 1189 2876 arbitrio
1218 2807 1383 2875 refinxit.“

289 2915 342 2982 Ex
376 2918 423 2983 eis
461 2938 543 3005 quoe
580 2942 677 3006 supra
713 2921 924 3007 exposuimus
953 2923 1060 2986 elucet
1095 2922 1180 2986 hano
1212 2928 1320 2984 uotam
1354 2917 1389 2982 in

293 3024 492 3092 deteriorum
523 3027 629 3113 potius
664 3027 824 3110 codicum,
861 3029 914 3115 qui
950 3039 982 3094 et
1014 3029 1077 3117 ipsi
1110 3024 1194 3115 ἡμᾶς
1220 3027 1390 3114 praebent,

289 3135 506 3223 archetypum
539 3159 633 3223 quam
664 3135 697 3200 in
720 3135 838 3200 Veneti
873 3135 1041 3202 librarium
1071 3136 1199 3220 cadere,
1222 3135 1314 3200 illum
1334 3157 1388 3197 au-

290 3255 356 3342 tem
378 3245 608 3334 interpolatum
643 3267 801 3310 essenon
831 3265 1000 3333 negamus.
1028 3247 1075 3312 At
1107 3245 1251 3312 Cobctus
1282 3264 1390 3330 noque

291 3350 375 3442 ἡμᾶς
405 3355 484 3422 ferri
523 3377 588 3422 non
628 3379 724 3444 posse
760 3379 866 3444 neque
905 3347 1000 3434 ὄντας
1031 3357 1152 3441 requiri
1188 3356 1256 3420 ullo
1292 3351 1390 3433 modo

293 3466 544 3550 domonstravit3
574 3490 648 3530 nam
680 3490 811 3549 eorum,
843 3469 883 3532 de
919 3467 1036 3552 quibus
1066 3467 1100 3531 in
1130 3465 1289 3554 proximis
1321 3462 1392 3548 egit

293 3577 439 3642 locorum
475 3575 628 3658 (Nicostr.
660 3600 711 3663 sp.
741 3577 820 3641 Ath.
845 3576 907 3658 ΙΙΙ,
939 3576 998 3641 118
1020 3576 1059 3662 E,
1094 3575 1149 3650 nbi
1181 3583 1272 3640 reete
1309 3571 1389 3639 seri-

294 3690 398 3778 psisse
412 3689 539 3754 videtur
560 3688 793 3766 κατεσθίοντες
809 3676 900 3765 ὅντες
912 3680 1049 3768 δώδεκα,
1060 3684 1234 3772 Hermipp.
1246 3705 1297 3770 ap.
1310 3681 1392 3746 Atb.

279 3800 393 3868 -VIIL
418 3799 479 3864 344
498 3799 530 3864 D
553 3795 595 3864 ἕν’
620 3788 714 3880 ὅντα,
744 3798 848 3864 Arist
872 3797 974 3884 Vesp.
996 3795 1057 3860 693
1089 3787 1137 3858 δύ’
1167 3783 1255 3877 drus)
1290 3791 1391 3876 longe

293 3955 491 3966 ...ψ-

368 4037 393 4107 1)
414 4035 584 4090 Fritzsehius
595 4034 749 4088 ndThesm.
768 4035 820 4086 683
839 4033 939 4086 maluit
955 4033 1082 4105 μηδέπερ
1098 4034 1229 4100 γέροντας
1247 4023 1393 4098 ἄνδρας,

295 4135 370 4206 quod
388 4133 449 4202 ipse
467 4130 576 4196 viderit,
596 4127 735 4198 quomodo
766 4128 912 4197 defendct;
940 4128 1006 4182 mihi
1028 4127 1140 4182 videtur
1157 4126 1284 4198 μηδέπερ
1301 4122 1392 4193 parti-

295 4233 358 4288 cula
377 4225 457 4291 ὀἰκος
474 4229 652 4300 participium
672 4227 823 4296 requirere.
