3112 5062
639 439 678 510 19

106 634 170 718 μὲν
193 621 250 699 οὖν
271 625 452 717 άπάτρεχε,
476 627 669 716 παιδάριον,
693 630 785 695 cocci
806 624 925 713 λαβών.
948 625 1085 695 Restant
1110 627 1212 714 igitur

106 745 143 808 hi
169 744 312 830 quinque
337 741 422 807 loci:
903 783 904 786 =

238 852 341 916 Plat.
365 874 415 937 ap.
430 850 529 916 Mein.
553 850 646 916 Com.
662 851 699 914 Π
722 873 754 935 p.
766 850 828 914 682
852 835 948 926 οὗτος
968 847 1018 926 τίς
1045 839 1094 926 εἷς
1122 846 1212 933 λέγι

554 953 663 1040 ταχύ·
692 958 724 1023 τί
747 961 858 1046 σιγᾷςς
879 949 937 1024 οὒκ
959 957 1057 1042 ἐρεῖς,

237 1068 384 1132 Aristo
397 1069 455 1155 ph.
471 1067 572 1154 Vesp.
585 1067 646 1131 eut
664 1054 691 1130 oi
714 1063 851 1154 δαιμόνι’
876 1066 991 1132 ἐλέει
1009 1062 1088 1145 τούς
1102 1067 1214 1132 ταλαι-

689 1175 925 1260 πωροομένους

239 1287 282 1352 id.
314 1289 356 1353 ib.
390 1287 470 1350 1169
500 1281 560 1351 cidi
592 1281 721 1370 προβάς
750 1281 914 1375 τρυφερόν
947 1309 985 1350 τι
1022 1286 1213 1351 διασαλα-

689 1417 829 1460 κωνιοον

235 1503 278 1568 id.
303 1501 485 1568 11111011
511 1496 680 1588 νηττάριον
703 1495 742 1565 dv
764 1501 817 1565 καὶ
838 1495 978 1588 φάττιον
998 1495 1211 1585 ὑπεκορίζετο
1315 1593 1317 1598 q

234 1614 466 1680 Nicostrat.
497 1635 546 1698 ap.
573 1611 673 1675 Mein.
697 1609 790 1676 Com.
811 1609 873 1674 III.
896 1633 928 1697 p.
941 1609 1004 1674 284
1022 1604 1150 1687 λευκός·
1173 1605 1211 1676 τὸ

585 1713 644 1804 γάρ
666 1713 772 1799 πάχος
793 1713 1000 1802 ὑπερέκυπτε
1019 1721 1079 1782 τοῦ
1101 1721 1211 1784 κανοῦ.

84 1836 86 1846 ’
110 1833 144 1900 si
170 1854 212 1894 cx
226 1840 351 1918 septem
371 1853 451 1914 quos
472 1830 534 1892 iam
559 1838 723 1893 correctos
743 1828 973 1914 adscripsimus
985 1827 1213 1914 Thesmopho-

110 1941 318 2022 riazusarum,
352 1961 394 2002 ex
419 1939 467 2002 his
491 1959 569 2002 vero
592 1937 670 2001 locis
697 1937 879 2023 Vesperum
905 1938 1043 2002 alterum
1064 1959 1210 2026 excepe-

110 2050 164 2130 ris,
189 2050 251 2112 hos
275 2051 314 2112 ab
338 2047 404 2111 illis
433 2071 471 2112 eo
496 2047 628 2111 differre
662 2047 847 2132 intelleges,
881 2047 968 2134 quod
999 2047 1107 2111 thesin
1141 2046 1210 2110 eius

110 2158 223 2244 pedis,
255 2158 308 2242 qui
331 2153 621 2243 proceleusmatico
651 2157 739 2220 effici
772 2157 919 2238 videtur,
948 2177 1016 2226 uno
1050 2156 1210 2222 vocabulo

110 2267 381 2352 comprehensam
405 2267 535 2350 habent,
558 2289 631 2331 cum
652 2267 686 2330 in
712 2265 775 2331 illis
798 2266 837 2329 ab
860 2266 962 2328 altera
983 2265 1114 2330 theseos
1137 2265 1205 2350 syl·-

110 2377 182 2442 laba
208 2399 332 2442 novum
361 2377 506 2442 ordiatur
528 2377 732 2441 vocabulum.
778 2376 887 2460 Atque
910 2375 972 2440 hoc
998 2375 1108 2462 paullo
1134 2375 1208 2461 plus

114 2486 283 2550 molestiae
314 2487 435 2550 habere
467 2485 598 2549 videtur
620 2482 698 2568 illo,
732 2485 807 2568 quia
839 2483 1009 2572 proniores
1034 2505 1144 2550 sumus
1167 2483 1209 2547 cd
1272 2534 1274 2540 .

111 2597 199 2660 arsin
215 2620 233 2660 a
251 2617 336 2660 novo
351 2593 510 2660 vocabulo
526 2617 621 2678 quam
636 2595 674 2658 ab
692 2594 805 2658 ultima
822 2594 963 2680 proximi
984 2593 1213 2680 incipiendam.

112 2703 186 2768 Hac
209 2703 250 2767 de
273 2725 369 2767 causa
382 2740 422 2750 -
439 2725 632 2787 quamquam
654 2701 734 2766 nihil
759 2712 864 2767 statuo
881 2739 921 2748 -
936 2704 1073 2767 fortasse
1094 2724 1208 2768 versus

109 2812 254 2876 Platonis
279 2811 455 2877 Nicostrati
481 2812 709 2897 Aristophanis
735 2811 917 2899 Vesperum
940 2813 1028 2899 prior
1056 2821 1090 2876 ct
1113 2811 1202 2879 Pluti

112 2919 244 2986 defendi
268 2930 414 3010 possunt,
435 2923 469 2987 in
492 2921 593 2986 multo
616 2920 711 2985 etiam
732 2915 918 3004 graviorem
931 2941 1007 2986 vero
1030 2921 1207 3009 reprehen-

93 3006 234 3095 'sionem
256 3031 338 3096 alter
365 3031 548 3118 Vesparum
572 3053 686 3097 versus
711 3041 743 3096 et
766 3052 864 3116 quem
889 3031 1020 3116 quidem
1042 3027 1207 3118 Reisigius

110 3139 213 3204 voluit
235 3141 296 3228 Ep.
318 3143 379 3206 676
403 3143 582 3207 incurrunt.

212 3249 373 3313 Neutrum
414 3252 560 3336 quamvis
593 3251 627 3314 in
664 3252 725 3314 hoc
760 3253 848 3316 omni
883 3275 1006 3340 genere
1040 3255 1209 3320 nobiscum

113 3356 322 3420 consentiens
347 3355 585 3420 emendandum
622 3378 691 3421 esse
716 3359 930 3425 llanovius
954 3361 1015 3426 sibi
1037 3362 1210 3448 persuasit,

113 3463 192 3528 falsa
214 3461 352 3546 quadam
375 3463 527 3552 opinione
551 3473 674 3551 eaptus,
698 3466 789 3530 cuius
812 3467 935 3554 primus
959 3481 1070 3536 auctor
1093 3471 1208 3540 Scid-

113 3574 229 3638 lcrus
253 3573 324 3636 fuit.
357 3575 390 3638 Is
415 3575 501 3638 euim
527 3574 560 3638 in
585 3597 723 3641 excursu
748 3579 809 3658 ,de
832 3578 964 3664 dactylo
987 3591 1019 3645 ct
1041 3581 1208 3646 tribracho

112 3681 146 3746 in
173 3681 284 3769 quinta
316 3683 436 3748 senarii
466 3683 593 3750 iambici
631 3687 749 3774 pede“,
772 3709 868 3771 quem
900 3689 1121 3754 dissertationi
1148 3690 1209 3773 ,de

112 3791 259 3855 versibus
292 3791 490 3857 dochmiacis
512 3795 709 3878 tragicorum
735 3797 947 3880 graecorum“
971 3797 1100 3880 adiecit,
1122 3816 1209 3880 ,sce—

115 3899 204 3964 nicos
241 3911 353 3987 poetas
386 3901 569 3966 tribachum
604 3904 840 3991 dactylumque
877 3905 911 3970 in
944 3905 1056 3992 quinta
1090 3906 1208 3971 senarii

116 4005 192 4071 scdc
216 4007 261 4070 ita
282 4009 472 4094 praesertim
498 4011 699 4078 tolerabilem
719 4011 972 4098 offensionisque
995 4033 1071 4077 strue
1092 4033 1210 4101 exper·
1248 4074 1253 4082 .

113 4125 175 4180 tcm
198 4115 370 4199 iudicasse,
394 4118 419 4182 si
444 4141 517 4184 cum
533 4119 604 4204 ipsa
628 4119 732 4206 quinti
755 4101 848 4206 pedis
871 4121 934 4185 arsi
959 4122 1065 4186 solutu
1087 4141 1207 4189 novum

112 4227 302 4290 vocabulum
327 4227 506 4312 inciperct“
529 4228 648 4293 docuit.
683 4227 744 4294 Oui
766 4231 833 4316 legi
859 4230 913 4318 qui
933 4242 1120 4318 repugnant
1143 4233 1208 4299 loci

113 4358 181 4400 cum
208 4337 357 4426 plerique
385 4337 430 4402 ita
461 4338 639 4424 comparati
665 4338 739 4423 sint,
763 4350 818 4424 ,ut
840 4339 878 4405 in
900 4340 1003 4428 quinti
1027 4342 1119 4432 pedis
1141 4345 1208 4410 arsi
