3112 5062
816 381 860 446 24

290 569 462 658 spondeat,
484 591 558 634 eum
581 569 718 633 statim
746 553 778 632 in
800 567 953 632 iudicium
973 577 1124 630 vocatum
1142 563 1192 628 iri.
1213 562 1285 628 Nec
1303 559 1388 646 quic-

291 701 385 763 quam
410 678 484 742 huic
512 679 719 744 coniecturae
747 679 878 744 obicere
904 689 999 765 potes
1022 677 1082 740 nisi
1107 673 1194 760 quod
1215 674 1300 738 iusto
1321 673 1388 736 vio-

291 785 412 852 lentior
433 787 485 851 sit.
522 787 610 869 Quid
633 809 723 870 vero,
745 788 773 852 si
797 786 883 876 quod
905 786 1061 852 Richtero
1082 782 1261 848 delendum
1282 781 1387 846 visum

290 905 340 960 est
361 890 423 980 ἐγώ
444 918 625 983 pronomen
647 918 690 961 ex
712 896 775 962 hoc
798 895 930 983 quidem
947 917 1045 959 versu
1067 891 1302 979 expellendum
1317 912 1389 954 csse

290 1025 496 1088 concessero,
519 1005 634 1070 eodem
656 1027 735 1070 vero
765 1027 838 1068 eum
850 1056 860 1088 ,
880 1005 935 1091 qui
957 1003 1107 1090 proxime
1130 1000 1306 1082 antecedit,
1331 1022 1390 1064 cx-

289 1112 444 1202 plendum
469 1123 503 1178 et
523 1113 569 1178 sic
589 1113 800 1178 scribendum
824 1135 896 1178 esse
917 1113 1051 1178 dixero:

414 1217 545 1300 τούτοις
566 1218 669 1304 ξυνών
691 1218 732 1287 τὰ
754 1217 856 1291 σκόλι’
882 1217 976 1301 ὅπως
998 1221 1083 1304 δέξει
1106 1221 1223 1297 καλῶς.

417 1333 514 1395 ΦΙΛ.
537 1321 680 1416 ὅληθεςς
702 1326 748 1409 ὠς
771 1323 879 1410 οὐδείς
898 1355 932 1416 γε
956 1331 1120 1415 Διακρίων
1144 1323 1239 1414 ἐγώ.

419 1443 487 1506 ΒΔ.
508 1429 577 1522 τάχ’
602 1435 748 1524 εἴσομαι·
771 1441 825 1506 καὶ
847 1437 886 1527 δὴ
907 1437 966 1526 γὰρ
989 1435 1052 1524 εἴμ’
1075 1435 1137 1525 ἐγώ
1161 1437 1286 1504 Κλέων.

391 1546 612 1612 Emendatum
645 1569 717 1612 esse
747 1548 875 1614 confido
897 1549 985 1613 hunc
1007 1548 1130 1627 locum,
1153 1569 1248 1631 quem
1274 1545 1391 1634 quibus

292 1653 494 1719 coniecturis
525 1654 674 1719 homines
706 1654 792 1720 docti
824 1663 1036 1732 vexaverunt,
1071 1677 1126 1720 eas
1157 1674 1309 1719 enarrare
1338 1673 1391 1716 mc

290 1760 624 1848 supersedere'posse
647 1761 769 1847 putavi,
792 1761 954 1844 simulque
976 1784 995 1823 a
1015 1760 1150 1825 metrica
1171 1760 1228 1824 illa
1249 1759 1388 1825 difficul-

291 1877 358 1934 tate
380 1869 563 1934 liberatum.

393 1977 534 2042 Brevios
572 1976 738 2064 disputare
778 1977 856 2042 licet
889 1977 930 2042 de
955 1979 1035 2044 Ran.
1067 1978 1124 2059 573
1160 1978 1265 2043 omnis
1302 1976 1391 2042 enim

294 2087 390 2152 huius
421 2108 535 2152 versus
571 2085 763 2151 deformitas
793 2109 857 2150 non
888 2087 1101 2174 Aristophani
1131 2086 1190 2152 scd
1222 2085 1390 2151 Meinekio

296 2195 376 2260 vitio
399 2194 507 2260 danda
530 2205 590 2279 est,
612 2195 666 2282 qui
689 2206 764 2260 ante
788 2195 984 2263 Κλεισθένει.
1005 2196 1059 2283 qui
1083 2196 1222 2262 traditur
1243 2198 1290 2282 τῷ
1312 2195 1391 2259 arti·

296 2305 406 2370 culum
431 2304 500 2369 sinc
524 2305 608 2369 insta
629 2328 723 2369 eausa
746 2305 852 2370 eiecit.
886 2307 958 2370 Imo
982 2305 1138 2372 articulus
1151 2327 1256 2392 paene
1279 2299 1398 2368 neces·⁸

296 2415 399 2480 sarius
422 2424 481 2498 cst,
502 2414 576 2501 quia
599 2413 794 2495 Clisthenes,
816 2415 907 2479 cuius
931 2415 1090 2480 Hercules
1112 2414 1166 2478 hic
1190 2415 1388 2479 mentionem

294 2523 397 2606 inicit,
422 2522 508 2588 idem
541 2533 591 2588 est
611 2533 708 2608 atque
739 2524 776 2605 is,
806 2547 878 2588 cum
901 2547 964 2612 quo
988 2524 1194 2607 Dionysum,
1216 2546 1290 2588 cum
1314 2522 1391 2589 ἕπε-

293 2627 432 2715 βάτεοον
455 2632 652 2698 Κλεισθένει
688 2633 835 2717 dixisset,
867 2634 955 2699 idem
986 2634 1149 2699 Hercules
1171 2657 1201 2699 v.
1225 2635 1268 2699 49
1289 2633 1391 2720 suspi-

292 2751 381 2806 catus
405 2751 473 2806 erat
503 2763 572 2806 rem
595 2741 765 2823 habuisse,
788 2743 849 2808 hoe
872 2745 978 2832 ipsum
1001 2765 1089 2822 vero,
1113 2765 1148 2808 sc
1170 2743 1211 2808 ad
1233 2743 1266 2807 id
1289 2743 1390 2829 respi-

293 2873 380 2932 ccre,
404 2849 490 2935 quod
518 2859 613 2914 antea
637 2849 804 2934 Dionysus
836 2851 1038 2936 prodiderat,
1070 2875 1136 2917 non
1159 2861 1287 2938 poterat
1307 2852 1391 2918 Her·

293 2959 385 3025 culus
407 2979 529 3044 graece
549 2957 729 3045 simplicius
758 2981 854 3045 quam
882 2959 1020 3023 articulo
1047 2957 1244 3025 Κλεισθένει
1267 2960 1391 3024 nomini

292 3067 480 3157 praeposito
516 3066 715 3152 significato.
760 3067 857 3148 Quod
883 3077 990 3130 cutem
1025 3091 1112 3134 nunc
1140 3060 1311 3134 ἀπαπαῖ
1331 3090 1390 3154 pro

292 3168 457 3241 cinnami
478 3174 686 3241 scribendum
706 3186 754 3241 est
776 3186 874 3261 atque
893 3175 952 3239 hac
975 3176 1199 3241 interiectione
1213 3175 1313 3263 Vesp.
1329 3177 1392 3242 309

294 3283 405 3351 maesti
429 3307 524 3349 senes
557 3293 703 3366 utuntur,
727 3308 800 3349 cum
827 3285 888 3349 hoc
916 3287 986 3349 loco
1011 3285 1180 3370 Dionysus
1204 3308 1279 3367 non,
1303 3285 1391 3369 quod

292 3393 443 3461 Kookius
463 3395 577 3476 uoluit,
608 3404 710 3480 neget
743 3394 800 3459 sed
825 3395 900 3476 aiat,
928 3395 1008 3458 haec
1031 3416 1084 3458 res
1109 3416 1150 3459 ni
1176 3395 1232 3459 tibi
1257 3417 1389 3480 scrupu-

291 3504 358 3568 lum
380 3501 501 3584 iniciat,
522 3501 636 3566 harnm
656 3502 919 3567 interiectiooum
945 3503 1191 3587 significationis
1214 3502 1390 3568 admodum

293 3611 480 3676 fluctuantis
504 3611 692 3698 exemplum
717 3611 823 3676 obiter
847 3611 1001 3677 adferam.
1384 3687 1388 3693 Δ

392 3719 574 3788 Scholiasta
598 3719 744 3784 Venetus
768 3720 808 3784 ad
831 3717 907 3784 Pac.
933 3719 993 3784 180
1016 3721 1095 3784 hacc
1119 3719 1268 3786 adnotat:
1290 3719 1391 3806 διπλῆ

291 3827 345 3893 καὶ
368 3821 517 3905 altorum
544 3825 591 3906 εἰς
621 3822 759 3911 ἰάμβους
789 3823 866 3912 ρκς’,
896 3813 942 3892 ὦν
964 3823 1002 3894 τὸ
1033 3829 1220 3894 τελετταῖον
1242 3828 1315 3910 ,soi
1338 3853 1393 3914 νη-

292 3931 426 4014 σιώτας·
456 3936 541 4021 δεῦρ’
564 3930 604 4000 ἴτ’
629 3923 656 4000 oi
677 3931 797 4015 πάντες
817 3933 912 4002 λεώ.“
935 3937 986 4003 ἐπ’
1009 3937 1107 4016 ἐνίοις
1127 3938 1163 4004 δὲ
1181 3929 1392 4025 ἀντιγράφοις

292 4035 374 4128 μετὰ
404 4045 534 4127 στίχους
565 4039 611 4110 να’
647 4044 715 4111 ἐστὶ
738 4041 899 4132 κωλάριον
924 4042 999 4112 τόδε
1031 4046 1082 4132 ,cl
1104 4048 1222 4135 φησι,·“
1246 4046 1299 4111 καὶ
1318 4047 1399 4129 μετ’.

293 4143 411 4233 ἄλλους
439 4149 485 4242 λη’
511 4149 587 4221 τόδε
613 4151 665 4242 ,isi
689 4151 751 4244 ἰή.“
787 4159 905 4222 Parum
930 4165 1019 4222 recte
1042 4158 1241 4223 Dueboeuus
1274 4156 1389 4222 codem

294 4286 357 4350 quo
380 4264 571 4330 Dindorfius
606 4265 801 4330 constrictus
824 4287 935 4330 erroro
970 4266 1077 4331 vorbis
1106 4267 1176 4350 μετ’
1201 4256 1319 4344 ἄλλους
1341 4259 1388 4352 λη’
