3112 5062
856 347 876 413 8
944 300 953 318 .

319 529 436 617 χοῧτω,
460 535 589 598 v.1214
610 525 678 598 or'll’
702 526 760 616 οὐχ
773 557 833 622 pro
852 526 920 616 οὐχ,
941 559 971 598 v.
991 533 1070 598 1239
1092 532 1236 598 ἐναντίον
1257 556 1316 621 pro
1334 533 1418 600 ἐναν-

318 644 381 723 τία,
412 667 442 708 v.
464 643 544 708 1256
565 642 705 729 γένωμαι
726 665 786 731 pro
810 640 937 726 ἔσομαι,
963 667 993 707 v.
1014 642 1094 707 1277
1119 665 1215 721 ουτος
1235 665 1295 732 pro
1311 636 1420 728 αὐτός,

320 777 352 819 v.
377 749 455 819 1311
476 747 516 817 blo
537 775 597 840 pro
620 743 667 839 ἢν,
694 775 723 817 v.
750 753 830 817 1339
851 739 889 838 ἢν
914 775 973 839 pro
994 739 1023 838 ἦ.

422 863 476 928 Ab
500 863 551 927 his
577 863 726 928 omnibus
749 863 837 926 vitiis
859 863 1031 928 Ravennae
1058 863 1143 926 liber
1166 871 1226 926 est.
1269 861 1317 930 Ut
1340 883 1419 926 vero

321 971 348 1038 ai
370 971 451 1036 diros
474 972 592 1036 fratres
608 993 709 1036 unum
728 972 832 1036 bonos
855 971 955 1059 patris
978 993 1084 1036 mores
1105 972 1316 1053 referentem,
1341 970 1419 1034 alte-

322 1104 395 1146 rum
421 1081 569 1146 omnibus
592 1080 680 1144 vitiis
702 1079 868 1146 adiectum
889 1079 1020 1162 videris,
1046 1080 1131 1144 hunc
1153 1101 1171 1142 a
1193 1078 1283 1143 falsis
1307 1079 1418 1144 amieis

321 1188 540 1276 suspicaberis
561 1188 775 1254 abalienatum
797 1210 867 1252 esse
891 1214 909 1253 a
933 1187 1033 1274 patris
1055 1187 1237 1273 disciplina,
1259 1186 1418 1252 itaVene·

321 1308 390 1362 tum
412 1297 555 1362 conicies
586 1297 620 1361 in
642 1299 703 1362 hac
724 1298 834 1362 fabula
856 1299 896 1362 ab
918 1297 981 1362 alio
1002 1297 1109 1383 potius
1134 1296 1250 1360 codice
1274 1296 1418 1382 pendere

323 1429 419 1491 quam
454 1408 493 1471 ab
516 1406 715 1472 Ravennatis
739 1407 927 1494 archetypo.
973 1407 1065 1488 Quae
1092 1405 1278 1470 coniectura
1301 1427 1361 1492 per
1383 1427 1419 1469 se

321 1515 466 1599 quamvis
479 1516 657 1603 probabilis
672 1517 758 1580 omni
773 1524 880 1580 tamen
897 1514 962 1580 fide
979 1523 1113 1599 careret,
1135 1513 1161 1579 si
1183 1513 1292 1580 nullus
1315 1514 1419 1580 codex

322 1633 465 1708 extaret,
497 1625 552 1710 qui
578 1625 701 1690 eisdem
734 1625 820 1689 vitiis
855 1625 1027 1690 laboraret.
1072 1626 1119 1690 At
1142 1647 1254 1690 omnes
1290 1635 1422 1712 praeter

325 1734 566 1814 Ravennatem,
589 1735 705 1821 quibus
731 1736 863 1820 quidem
887 1735 1079 1799 Dindorfius
1101 1757 1179 1800 usus
1202 1743 1267 1818 est,
1291 1735 1419 1800 codices

327 1844 467 1924 easdem,
489 1867 568 1931 quas
590 1854 753 1929 tamquam
773 1845 893 1908 Veneti
916 1844 1015 1908 solius
1039 1843 1215 1910 adtulimus
1248 1845 1346 1908 falsas
1378 1845 1421 1910 le-

323 1951 450 2018 ctiones
473 1953 639 2019 exhibent.
685 1954 773 2037 Quid
798 1953 898 2040 igitur
929 1953 1049 2018 certius
1080 1975 1151 2018 esse
1177 1963 1301 2040 potest,
1324 1975 1420 2038 quam

325 2062 378 2126 his
401 2063 492 2129 locis'
505 2061 668 2128 Venatum
692 2086 758 2128 non
782 2085 825 2127 ex
847 2063 1045 2130 Ravennatis
1069 2063 1126 2128 sed
1156 2085 1198 2129 ex
1221 2064 1420 2128 deteriorum

326 2171 476 2237 codicum
499 2173 678 2259 archetypo
700 2173 858 2238 fluxisse?
880 2172 1016 2240 Scilicet
1035 2182 1135 2238 totam
1149 2173 1268 2238 Veneti
1284 2173 1421 2260 Equites

326 2281 368 2346 ad
391 2281 590 2346 deteriorum
612 2281 763 2346 codicum
787 2282 1000 2368 archetypum
1023 2281 1231 2346 referendam
1250 2304 1333 2361 esse,
1357 2305 1421 2347 non

327 2390 432 2455 solum
447 2413 489 2454 ex
505 2391 568 2456 hoe
585 2413 744 2456 consensu
761 2413 828 2456 non
843 2391 1066 2476 consequitur,
1086 2411 1199 2454 verum
1222 2392 1319 2456 etiam
1336 2391 1422 2475 inde,

330 2498 417 2588 quod
441 2500 590 2564 Venetus
622 2522 688 2564 uno
722 2501 793 2565 loeo
827 2524 855 2564 v.
882 2501 940 2564 187
967 2500 1165 2566 deteriorum
1198 2500 1346 2566 codicum
1375 2503 1420 2566 le-

326 2607 469 2674 ctionem
494 2596 568 2673 οἷον
589 2619 775 2697 receptam,
798 2610 996 2676 Ravennatis
1018 2632 1096 2674 vero
1128 2605 1206 2675 ὅσον
1234 2620 1271 2675 ut
1301 2611 1420 2675 variam

325 2716 498 2782 lectionem
533 2718 730 2806 adscriptam
762 2721 908 2804 exhibet,
946 2731 978 2785 et
1010 2743 1053 2784 ex
1088 2720 1247 2806 duplicis,
1281 2720 1322 2784 de
1357 2741 1422 2804 quo

325 2826 612 2911 supradiximus,
634 2827 702 2889 vitii
734 2830 962 2893 communione
988 2839 1035 2893 sat
1067 2839 1155 2894 certo
1181 2829 1300 2918 conligi
1323 2851 1422 2916 posse

325 2943 416 3022 puto,
440 2936 542 3012 etiam¹
562 2933 757 3002 Ravennatis
783 2937 955 3024 archetypi
979 2938 1120 3022 aliquam
1144 2949 1269 3025 partem
1295 2939 1329 3004 in
1352 2937 1423 3002 Ve-

324 3043 392 3106 neti
416 3042 553 3128 Equites
578 3042 752 3108 transiisse.

425 3139 646 3217 Ad'Nubes
678 3174 791 3239 pergo.
830 3153 940 3219 Facile
972 3157 1125 3242 conicias,
1157 3158 1192 3222 in
1224 3158 1285 3222 hae
1315 3158 1424 3222 fabula

325 3260 401 3345 quia
427 3259 607 3326 certissima
633 3263 829 3329 Ravennatis
856 3276 888 3329 et
910 3267 1029 3330 Veneti
1055 3268 1260 3352 cognationis
1283 3267 1423 3352 vestigia

324 3369 542 3454 repperimus,
569 3371 656 3434 hunc
686 3373 739 3436 vel
773 3373 855 3437 nihil
877 3376 929 3438 vel
964 3399 1128 3462 perpauca
1161 3399 1202 3442 ex
1234 3387 1423 3442 ceterorum

324 3477 474 3543 codicum
496 3479 676 3566 archetypo
700 3481 856 3547 hausisse.
886 3485 996 3568 Atque
1021 3487 1066 3550 ite
1088 3497 1147 3552 est.
1180 3487 1273 3552 Duos
1296 3497 1421 3552 tantum

323 3586 414 3652 locos
436 3587 599 3672 indagavi,
626 3589 681 3652 ubi
705 3613 777 3653 cum
804 3591 923 3656 maiore
952 3594 1071 3659 fiducia
1094 3594 1203 3659 dicere
1227 3595 1332 3680 possis
1354 3595 1420 3658 Ve-

321 3704 434 3760 natum
455 3697 495 3760 ab
520 3696 582 3760 hoe
603 3699 783 3786 archetypo
797 3701 952 3788 pendere,
966 3726 995 3767 v.
1013 3704 1075 3768 650
1090 3715 1121 3767 et
1135 3727 1165 3768 v.
1188 3704 1278 3770 1233.
1303 3703 1424 3768 Priore

323 3803 410 3869 enim
429 3805 512 3870 loco
542 3828 626 3872 unus
649 3808 819 3874 Ravennas
844 3807 996 3876 ἐπαΐονθ’
1019 3834 1129 3876 veram
1152 3811 1326 3878 lectionem
1355 3835 1425 3878 ser-

323 3912 422 3996 vavit,
455 3915 593 3998 quaein
617 3917 765 3985 omnibus
790 3919 861 3983 aliis
887 3921 1054 3986 codicibus
1076 3921 1109 3984 in
1133 3913 1190 3986 εἶτ’
1215 3921 1342 3988 ἐπαΐειν
1364 3924 1424 3986 de-

324 4031 458 4106 pravata
482 4033 545 4105 est,
578 4025 679 4089 altero
705 4027 777 4090 loco
810 4028 841 4091 in
867 4030 979 4092 eodem
1008 4033 1282 4117 praestantissimo
1305 4032 1420 4098 codiee

324 4125 442 4206 ποίους
471 4125 592 4209 θεούς,·
627 4143 831 4198 monometer
855 4136 999 4200 nondum
1020 4137 1061 4200 ἵν’
1085 4132 1123 4201 ilo
1144 4135 1287 4204 κελεύσω
1310 4132 1368 4224 'yei
1386 4163 1425 4205 σε

322 4236 446 4320 verbis,
467 4261 549 4324 quae
576 4241 610 4304 in
633 4242 753 4306 ceteris
776 4245 953 4328 praemissa
975 4257 1060 4328 sunt,
1081 4258 1232 4312 oneratus
1254 4259 1311 4314 est.
1337 4249 1420 4314 Nam
