3112 5062
686 355 725 420 13

158 567 187 608 τ.
212 545 249 625 λ,
276 544 311 610 in
333 545 354 610 b
377 545 490 610 codiee
510 545 659 611 lacunam
681 566 715 629 ys
737 542 897 630 particula
920 545 960 608 ab
980 542 1043 606 hoe
1062 543 1136 607 loeo
1155 541 1260 606 aliena

156 655 322 742 expletam
366 676 453 737 esse3
495 663 694 742 quapropter
733 654 879 718 Venetus
920 673 1031 716 veram
1084 650 1259 716 lectionem

156 758 236 852 ὁρᾷς
265 758 337 842 τάς
370 765 473 830 τῶνδε
508 789 536 830 τ.
566 764 595 830 λ.
626 786 692 828 non
733 771 838 850 potest
870 785 937 827 non
978 761 1125 826 hausisse
1163 782 1206 825 ex
1237 783 1260 824 x

161 872 286 939 codiee.
340 873 500 942 Similiter
533 873 652 936 fastum
678 882 743 954 est,
766 881 803 936 ut
826 871 867 936 ib.
889 871 952 934 484
982 871 1154 936 Ravennas
1184 891 1259 933 eum

160 980 378 1048 deterioribus
407 981 576 1046 codicibus
611 981 644 1046 in
666 981 748 1046 falsa
767 979 908 1044 lectione
932 973 990 1057 τάς
1010 972 1156 1060 κοχώνας
1183 999 1258 1042 eon·

158 1089 290 1175 sentiat,
314 1114 398 1156 unus
412 1091 558 1154 Venetus
582 1111 692 1161 veram
709 1089 865 1177 praebeat
886 1084 927 1152 τά
948 1082 1076 1169 κοχώνα
1092 1087 1129 1170 ¹).
1153 1087 1258 1152 Porro

162 1199 262 1287 Vesp.
277 1199 314 1263 21
340 1199 427 1283 quod
451 1222 524 1265 eum
547 1198 765 1263 deterioribus
788 1198 957 1264 codicibus
969 1198 1142 1264 Ravennae
1159 1218 1261 1278 προς-

157 1311 249 1392 ερεῖ,
282 1331 366 1374 unus
401 1307 548 1373 Venetus
581 1329 693 1372 veram
725 1307 901 1372 lectionem
934 1308 1073 1391 προερεῖ
1112 1305 1258 1387 exhibet,

158 1419 243 1484 hane
266 1417 414 1482 hausisse
437 1417 594 1481 dicendus
619 1416 680 1480 erit
703 1437 744 1480 ex
767 1415 883 1480 eodem
901 1441 924 1480 x
948 1414 1071 1480 codiee.
1106 1412 1258 1479 Eundem

159 1527 194 1590 in
231 1527 365 1593 modum
401 1526 616 1612 explicandae
657 1536 747 1590 sunt.
771 1525 913 1590 relieuee
950 1525 1055 1588 bonae
1090 1521 1259 1604 lectiones,

160 1647 240 1720 q'uas
259 1635 409 1701 Venetus
431 1635 464 1700 in
485 1635 607 1723 Vespis
632 1645 744 1700 eontra
768 1633 1009 1698 consentientes
1034 1634 1258 1699 Ravennatem

160 1755 193 1809 et
215 1745 396 1810 deteriores
432 1745 558 1810 codices
591 1753 720 1827 tuetur3
744 1745 802 1808 has
833 1743 923 1809 dieo:
953 1767 984 1808 v.
1008 1743 1071 1806 334
1098 1745 1138 1830 τῇ
1166 1735 1258 1827 θάρᾷ
1292 1817 1297 1831 ,

160 1875 219 1941 pro
242 1849 300 1933 τὰς
324 1848 439 1938 θάρας,
463 1878 494 1920 v.
510 1854 571 1918 384
595 1850 687 1920 ἔσται
699 1855 835 1918 τοιαῦτα
851 1875 910 1940 pro
931 1846 972 1915 τά
992 1835 1182 1928 saturianus.
1195 1849 1256 1914 386

159 1958 443 2040 κατακλαύσαντες
462 1986 521 2050 pro
535 1957 738 2041 κλαύσαντες,
761 1987 792 2026 v.
805 1963 868 2026 472
892 1958 1049 2045 ἔλθοιμεν
1073 1983 1131 2048 pro
1155 1955 1261 2025 ἔλθω-

160 2097 231 2156 μεν,
253 2097 282 2137 v.
293 2072 358 2136 480
378 2063 512 2138 σούστὶν
535 2093 595 2157 pro
618 2063 765 2150 ποάστὶν,
791 2095 821 2135 v.
835 2072 896 2136 507
921 2093 995 2136 eum
1020 2069 1122 2138 Suidn
1145 2091 1262 2153 τυραν-

159 2177 230 2248 νικά
254 2205 313 2270 pro
335 2179 516 2264 τυραννίδα,
550 2203 580 2244 v,
603 2181 666 2246 565
696 2179 770 2244 add.
792 2172 901 2264 άνιῶν,
928 2203 957 2245 v.
982 2180 1043 2244 735
1064 2178 1140 2244 add.
1162 2177 1259 2251 ἐστιν,

160 2315 190 2355 v.
214 2291 275 2357 749
295 2289 328 2356 τί
347 2294 429 2378 βοᾷς
464 2313 522 2378 pro
546 2289 579 2355 τί
599 2316 656 2375 μοι
677 2293 781 2378 βοᾷς,
816 2314 844 2354 ν.
868 2290 930 2354 806
964 2312 1026 2354 σαι.
1049 2289 1088 2374 γ’,
1122 2313 1151 2354 v.
1178 2289 1259 2352 1064

157 2423 220 2469 om.
243 2423 289 2485 γε,
316 2425 345 2466 v.
375 2401 455 2466 1155
476 2403 637 2486 παραθοῦ
660 2401 780 2483 (scribe
806 2394 979 2483 παράθου)
1006 2422 1064 2487 pro
1097 2393 1259 2482 κατάθου,

159 2533 190 2574 v.
214 2511 295 2574 1193
318 2505 506 2596 καθυτάτην
529 2513 539 2577 (
544 2509 650 2575 scribe
667 2503 870 2594 βαθυτάτην)
892 2532 951 2597 pru
973 2503 1165 2594 βαρυτάτην,
1186 2509 1259 2594 qui-

160 2620 220 2684 bus
243 2639 285 2681 ex
313 2617 427 2682 eadem
457 2618 567 2683 fabula
595 2620 666 2682 fere
704 2618 841 2682 totidem
874 2617 996 2682 addere
1022 2619 1093 2705 ipse
1126 2618 1258 2704 poteris.

160 2725 289 2794 Similia
313 2726 338 2790 si
362 2747 521 2814 quaerere
546 2727 690 2792 volueris
724 2727 818 2791 etiam
854 2727 887 2790 in
909 2727 1043 2814 reliquis
1066 2727 1186 2792 fabulis
1209 2727 1262 2792 hie

158 2837 228 2901 illie
258 2838 407 2924 quamvis
446 2838 548 2902 multo
580 2837 704 2904 rariora
732 2863 756 2902 x
790 2837 909 2902 codicis
943 2837 1083 2924 vestigia
1103 2837 1261 2920 invenies,

160 2968 242 3030 quae
264 2969 350 3011 nune
376 2969 527 3012 enarrare
553 2947 607 3012 vix
629 2969 750 3036 operae
773 2948 914 3034 pretium
939 2956 995 3012 est.

259 3056 456 3122 Deteximus
490 3067 642 3142 quattuor
676 3057 764 3122 unde
785 3057 933 3122 Venetus
959 3057 1093 3122 haustus
1116 3065 1166 3120 est
1187 3057 1262 3120 fon-

159 3176 218 3232 tes.
263 3165 483 3246 Quaerentem
517 3189 596 3231 vero
622 3188 704 3252 quae
738 3165 820 3231 ratio
852 3165 887 3230 in
919 3165 990 3251 ipso
1011 3165 1141 3230 Veneto
1175 3164 1261 3229 inter

159 3273 220 3336 hos
246 3275 353 3338 fontes
375 3273 558 3338 intercedat
582 3284 614 3337 et
641 3298 659 3337 a
684 3296 748 3358 que
772 3275 860 3339 fonte
892 3284 1021 3361 praeter
1046 3284 1173 3340 eeteros
1196 3297 1261 3338 ma·

265 3481 291 3552 1)
309 3481 375 3536 Noli
392 3499 418 3535 v.
442 3484 493 3535 711
513 3481 567 3535 hue
589 3481 717 3548 trahere,
737 3483 785 3538 ubi
810 3501 893 3554 quam
912 3483 1035 3538 Venetus
1054 3475 1119 3552 pest
1136 3483 1259 3551 διαβαλῶ

158 3579 293 3632 insertam
313 3577 398 3631 habet
415 3595 447 3647 γε
464 3578 611 3647 particula,
638 3595 702 3632 cum
722 3597 828 3634 summa
842 3581 883 3635 vis
902 3597 959 3634 non
976 3579 1005 3632 in
1025 3579 1146 3648 διαβαλῶ
1166 3577 1261 3632 sedin

117 3721 120 3726 .
160 3675 273 3726 πλείονα
291 3671 367 3736 insit,
388 3673 424 3726 ab
442 3672 496 3726 hoe
516 3673 578 3726 loeo
599 3673 690 3726 aliens
710 3679 762 3727 est.
799 3675 858 3728 Hae
875 3675 910 3728 de
929 3691 1013 3728 eausa
1030 3673 1099 3726 mihi
1117 3690 1173 3727 non
1191 3690 1261 3742 pro-

161 3769 300 3848 baverunt
318 3769 443 3824 homines
471 3771 626 3825 doctissimi
641 3771 820 3840 Bergkius
840 3771 894 3840 (ed.
906 3771 930 3840 Ι)
947 3767 1024 3841 κάγώ
1043 3771 1078 3824 δέ
1088 3771 1113 3824 σ’
1131 3767 1197 3841 ἐγὼ
1216 3775 1262 3823 καί

161 3867 283 3935 διαβαλῶ
308 3885 346 3936 γε
371 3869 484 3922 πλείονα
508 3866 553 3920 vel
570 3866 623 3935 (ed.
643 3866 680 3936 ΙΙ)
708 3863 784 3936 κάγὼ
813 3869 847 3920 δέ
869 3871 893 3920 α’
915 3867 1027 3921 ’ἕλκων
1045 3867 1203 3935 διαβαλῶ
1222 3884 1262 3935 γε

160 3965 282 4027 πλείονα,
302 3963 488 4032 Snuppius
518 3958 594 4032 κάγὼ
620 3964 655 4017 δέ
670 3967 712 4018 σέ
727 3982 764 4034 γε
783 3968 828 4016 καὶ
848 3965 969 4033 διαβαλῶ
986 3982 1027 4034 γε
1057 3967 1171 4017 πλείονα
1190 3963 1261 4016 seri·

158 4059 280 4114 bendum
308 4075 376 4124 esse,
401 4061 488 4114 multo
507 4077 573 4114 vero
590 4059 689 4113 etiam
719 4061 811 4114 minus
837 4061 906 4114 mihi
930 4061 1087 4115 Kockius
1114 4061 1261 4129 persuasit,

159 4156 233 4226 quod
261 4155 317 4226 ipsi
346 4155 376 4208 in
401 4160 520 4210 mentem
539 4156 624 4221 venit,
650 4153 726 4228 κάγὼ
746 4158 781 4212 δέ
806 4159 831 4210 σ’
851 4157 916 4218 ’ἕλξω
945 4159 1066 4227 διαβαλῶ
1097 4175 1129 4210 τε
1147 4159 1260 4210 πλείονα

160 4253 376 4325 Aristophanem
395 4253 550 4326 scripsisse.
