3112 5062
688 351 728 414 21

156 537 356 622 Hanovium,
377 537 431 623 qui
464 561 529 602 non
551 537 720 620 dubitavit,
751 536 828 621 quin
850 534 988 619 κορίανν’
1016 556 1074 621 pro
1093 531 1259 616 bisyllabo

160 656 205 711 et·
232 640 508 712 διασαλακώνισον
538 669 597 734 pro
641 645 913 732 quinquosyllabo
959 641 1072 707 haberi
1117 650 1262 728 possent,

159 756 268 840 itaque
290 756 347 840 Eq.
369 757 431 820 676
453 751 515 841 ἐγώ
550 755 587 820 dd
608 750 649 818 τά
670 753 809 838 κορίανν’
848 747 1010 838 ἐπριάμην
1041 745 1261 835 ὑπερδραμών

90 844 92 849 ’
160 875 192 928 ct
218 865 318 953 Vosp.
341 865 422 930 1169
456 859 517 930 ὡδὶ
557 859 685 948 προβάς
724 857 888 952 τρυφερόν
920 887 951 927 τι
982 855 1260 927 διασαλακώνισον

158 974 271 1062 optimi
295 975 427 1060 generis
450 997 563 1039 versus
587 984 703 1038 essent.
1008 967 1012 974 ’

258 1083 324 1151 Sed
347 1085 417 1148 iure
442 1085 584 1148 editores
605 1085 663 1149 hos
686 1083 834 1148 homines
855 1083 968 1146 doctos
990 1081 1069 1169 ipsis
1087 1081 1257 1166 imponere

159 1216 224 1257 non
247 1193 333 1279 passi
356 1204 439 1260 sunt.
485 1196 536 1258 Ac
563 1193 745 1281 Vesperum
769 1193 841 1258 loco
866 1191 927 1255 iam
952 1190 1141 1255 Dindorfius
1175 1188 1257 1256 vidit

158 1295 439 1367 dtoootaoivtoov
461 1303 559 1366 scribi
578 1323 684 1390 posse,
705 1301 859 1388 Equitum
882 1323 959 1364 vero
977 1321 1072 1364 versu
1100 1297 1258 1364 dubitabi-

159 1433 240 1494 mus,
274 1419 382 1475 utrum
413 1411 581 1497 vulgatam
616 1420 784 1474 teneamus
821 1433 862 1474 an
887 1397 1081 1475 Ravennatis
1117 1408 1258 1492 vestigia

157 1519 259 1583 secuti
291 1541 363 1582 oum
386 1518 568 1584 Fritzschio
596 1517 776 1583 scribamus
808 1513 869 1602 ἐμοὶ
899 1517 926 1582 δ’
957 1511 1118 1600 ἐπριάμην
1139 1511 1180 1579 τὰ
1201 1539 1257 1579 κσ-

158 1624 255 1712 ρίανν’
283 1621 510 1711 ὑπεκδραμών.
553 1627 729 1708 Quaeritur
750 1627 862 1714 igitur,
884 1626 962 1716 quid
987 1625 1128 1713 primum
1151 1624 1258 1691 Reisi-

158 1737 249 1822 gium
275 1737 495 1819 commoverit,
515 1747 552 1801 ut
577 1738 742 1822 vulgatam
762 1737 971 1821 relinqueret.
1017 1736 1129 1800 Verba
1153 1733 1258 1799 homi-

159 1846 207 1910 nis
230 1845 409 1911 doctissimi
432 1871 464 1934 p.
489 1848 530 1912 59
562 1847 642 1910 haec
672 1836 763 1912 sunt:
788 1846 894 1930 ,quod
917 1845 950 1910 in
974 1829 1119 1930 uolgatis
1145 1865 1259 1908 oxom-

158 1954 305 2041 plaribus
327 1956 502 2043 reperitur,
534 1949 745 2040 ὑπσδραμών,
776 1955 915 2041 pedihus
947 1955 982 2018 in
1011 1955 1099 2019 huno
1124 1953 1256 2018 modum

158 2062 288 2129 sinas:
736 2071 740 2080 ·
1042 2043 1047 2055 '

284 2166 345 2257 ἔχει)
369 2170 405 2237 δὲ
426 2167 467 2236 τὰ
488 2171 639 2257 κοΙρίανν’
661 2165 835 2257 ε’πριάλμην
856 2165 1057 2255 ὑποδραμών

160 2303 198 2345 eo
211 2279 256 2346 ita
268 2281 393 2346 numeri
408 2279 629 2364 debilitantur,
641 2289 676 2344 ut
689 2259 785 2343 etiam
800 2280 896 2344 fracti
910 2281 1063 2365 quiddam
1085 2292 1116 2346 et
1129 2279 1255 2348 incom-

157 2389 255 2476 positi
278 2390 399 2456 habere
424 2390 612 2455 videantur:
641 2399 674 2454 et
695 2390 795 2454 talem
819 2392 949 2455 omnino
972 2415 1103 2457 versum
1125 2381 1252 2456 Aristo-

154 2499 299 2584 phanem
323 2520 468 2584 unquam
490 2499 544 2564 vel
576 2498 674 2562 etiam
699 2499 797 2563 alium
823 2522 1049 2587 quemcunque
1081 2502 1252 2585 comicum,

156 2607 211 2694 qui
244 2607 286 2670 ad
309 2608 540 2695 Aristophanis
575 2609 713 2672 nitorem
749 2608 942 2692 accederet,
982 2632 1069 2695 nego
1105 2611 1253 2676 fecisso.“

155 2716 247 2780 Idem
270 2740 303 2804 p.
316 2719 356 2782 at
373 2717 454 2782 Ach.
476 2718 675 2784 tutatione
699 2718 861 2783 codicisB
882 2713 959 2796 τούς
981 2720 1122 2786 πλεῖστα
1143 2721 1251 2796 dovot-

154 2823 273 2908 μένους
300 2829 499 2912 καταφαγεῖν
531 2825 584 2891 καὶ
614 2831 705 2891 πιεῖν
727 2847 880 2892 numeros
917 2826 1001 2892 effici
1038 2826 1166 2892 dixerat
1187 2830 1254 2911 ,in-

155 2933 273 3017 dignos
298 2933 531 3020 Aristophanis
554 2933 745 3020 palaestra.“
779 2935 830 3000 Ao
852 2957 888 2999 re
909 2956 986 2998 vera
1004 2935 1169 3000 neminem
1188 2948 1253 3004 tam

153 3041 261 3106 surdis
295 3021 365 3108 esse
399 3053 478 3130 puto
515 3043 658 3126 auribus,
691 3043 769 3127 quin
800 3043 850 3108 his
887 3045 1031 3107 numeris
1056 3041 1259 3113 offendatur(

152 3150 226 3236 Ego
257 3150 389 3238 quidem
417 3175 483 3216 non
514 3152 602 3240 potui
629 3153 705 3216 satis
730 3152 849 3234 mirari,
873 3153 1053 3236 Bergkium
1075 3152 1247 3220 Fritaschii

154 3259 427 3342 emendationem,
443 3286 505 3347 qua
521 3262 751 3348 pravissimum
773 3284 905 3331 uersum
928 3263 1035 3326 subito
1060 3263 1093 3327 in
1117 3265 1249 3350 clegan·

154 3365 312 3432 tissimum
335 3379 565 3434 commutatum
588 3371 758 3454 videbam,
781 3393 846 3435 non
869 3371 1044 3458 recepisse.
1089 3373 1133 3438 At
1154 3373 1250 3438 etiam

153 3476 257 3562 magis
288 3476 422 3542 miratus
450 3502 531 3562 sum,
556 3479 619 3544 Av.
648 3480 729 3546 1543
752 3501 865 3546 omnes
897 3481 1039 3546 editores
1061 3482 1162 3546 solius
1187 3483 1249 3546 Ve-

152 3584 218 3649 neti
238 3585 415 3651 lectionem
438 3581 533 3652 πάντ’
559 3585 643 3670 ἔχεις
664 3591 744 3653 tanti
767 3591 894 3673 fecisse,
915 3602 951 3655 ut
974 3592 1060 3657 hunc
1081 3593 1247 3676 inelegan-

153 3693 309 3758 tissimum
333 3717 481 3761 versum:

276 3799 315 3888 ἣν
334 3803 360 3888 χ’
379 3799 426 3892 ’ἢν
447 3801 486 3871 σύ
507 3807 584 3890 παρ’
605 3805 729 3872 ἐκείνου
749 3802 950 3894 παραλάβῃς,
974 3802 1070 3872 πάντ’
1097 3805 1181 3889 ἔχεις

151 3912 299 3999 recipere
321 3914 456 3980 mallent
479 3938 573 4000 quam
607 3913 646 3982 od
672 3918 864 4006 pronomine
891 3918 1038 4004 expulso,
1068 3927 1250 3982 ceterorum

150 4041 229 4084 vero
255 4021 403 4088 codicum
425 4019 540 4088 ἅπαντ’
564 4035 694 4091 servato
715 4049 844 4092 versum
871 4027 1084 4114 Aristophani
1107 4027 1247 4091 reddero

150 4129 450 4216 elegantissimum:

276 4235 314 4306 ἵν
334 4241 360 4327 γ’
383 4236 421 4332 ἢν
441 4243 519 4330 παρ’
543 4243 666 4311 ἐκείνου
689 4241 889 4335 παραλάβῃς,
914 4243 1029 4312 ἅπαντ’
1055 4245 1148 4330 ἔχεις.
