3112 5062
219 1018 339 1084 Mirum
372 1025 421 1080 est
452 1024 542 1080 tanto
570 1022 684 1101 poetae
694 1062 702 1095 ,
728 1020 866 1096 quantus
898 1017 948 1074 est
971 1005 1218 1093 Aristophanes,

121 1129 307 1217 philologos
338 1125 445 1190 adhuc
476 1125 558 1188 adeo
582 1122 742 1203 defuisse,
771 1131 807 1184 ut
836 1119 989 1203 neglecta
1012 1115 1117 1204 prima
1140 1114 1218 1180 artis

121 1239 251 1302 criticae
283 1235 360 1319 lege
385 1233 516 1320 optimis
552 1231 718 1296 codicibus
744 1229 790 1294 uti
816 1227 948 1315 quidem
970 1225 1112 1308 vellent,
1137 1245 1219 1312 quae

121 1369 198 1410 vcro
213 1345 298 1409 inter
311 1366 366 1408 cos
378 1341 601 1406 intercederet
614 1339 696 1404 ratio
710 1359 867 1423 quaerere
880 1335 1076 1400 omitterent.
1100 1333 1220 1415 Quam·

122 1477 217 1540 quam
243 1455 396 1536 fuerunt,
419 1450 476 1535 qui
499 1449 593 1514 huius
620 1446 817 1530 quaestionis
839 1444 1066 1508 necessitatem
1089 1442 1219 1530 penitus

124 1563 351 1650 persentirent,
376 1561 457 1648 ipse,
477 1584 495 1622 a
519 1581 581 1642 quo
605 1581 691 1621 nunc
713 1557 855 1620 'summos
879 1554 1019 1618 honores
1043 1561 1129 1640 peto,
1151 1551 1222 1640 phi·

123 1672 338 1759 losophorum
373 1667 595 1733 Bonnensium
633 1665 712 1729 ordo
751 1673 825 1728 ante
864 1664 922 1726 hos
960 1684 1080 1749 paucos
1118 1684 1221 1726 annos

122 1780 266 1867 praemio
296 1775 466 1864 proposito
492 1775 721 1838 adulescentes
752 1771 787 1835 in
810 1771 870 1834 hac
899 1769 1223 1834 literarum'univer-

123 1889 216 1954 sitate
237 1886 442 1974 philologiae
471 1875 634 1949 studiosos
657 1882 800 1948 excitare
825 1879 957 1961 studuit,
978 1888 1014 1942 ut
1036 1899 1118 1964 quae
1139 1877 1222 1942 ratio

123 1995 344 2062 intercederet
375 1994 461 2057 inter
491 1993 712 2058 Ravennatem
746 1998 778 2050 et
799 1987 965 2050 Venetam
992 1984 1222 2072 Aristophanis

124 2105 256 2171 codices
280 2103 529 2187 investigarent3
555 2109 587 2162 at
619 2099 748 2164 frustra.
795 2096 868 2180 Ego
900 2117 977 2158 vero
1001 2116 1043 2158 ex
1077 2117 1141 2180 quo
1168 2117 1225 2159 co·

124 2213 224 2300 gnitis
246 2213 324 2278 artis
348 2210 478 2275 criticae
499 2209 630 2296 legibus
647 2207 823 2293 'praeclaro
846 2215 963 2291 poetae
986 2226 1120 2290 operam
1145 2204 1223 2269 dare

127 2322 231 2410 coepi,
252 2343 352 2408 aegre
367 2319 547 2386 desideravi
570 2301 702 2382 firmum
719 2316 870 2400 beneque
893 2313 1086 2400 dispositum
1107 2312 1223 2378 funda·
1308 2329 1309 2332 ’

129 2442 272 2496 mentum
294 2430 451 2495 criticum.
497 2427 564 2492 Sed
590 2428 694 2490 fateor
715 2425 859 2488 adhano
884 2423 1108 2509 quaestionem
1131 2445 1223 2488 aece-

130 2542 207 2606 dere
230 2539 286 2604 diu
313 2561 365 2603 me
388 2536 595 2601 dubitavisse.
640 2535 757 2621 Neque
781 2535 868 2598 enim
887 2532 985 2597 facile
1008 2557 1026 2597 a
1053 2554 1104 2597 me
1123 2531 1225 2619 impe·

130 2660 218 2712 trare
230 2658 388 2734 poteram,
401 2655 437 2708 ut
450 2645 484 2709 in
497 2644 704 2709 librariorum
719 2644 860 2731 peccatis
871 2641 1081 2707 recensendis
1095 2651 1225 2728 tempus
1288 2725 1295 2734 ι
1319 2664 1321 2672 ’

132 2775 369 2836 consumerem,
394 2762 425 2817 et
449 2751 504 2816 diu
519 2755 686 2839 sperabam
706 2753 776 2817 fore
799 2763 835 2816 ut
858 2753 1014 2838 adparatu
1031 2750 1151 2815 'critico
1168 2750 1228 2814 hac

132 2867 205 2931 luce
229 2864 330 2948 digno
353 2863 482 2926 tandem
498 2861 671 2948 aliquando
695 2861 781 2926 edito
800 2861 897 2926 etiam
920 2860 1014 2925 huius
1030 2859 1227 2945 quaestionis

133 2975 281 3039 molestia
304 2984 335 3037 et
360 2973 534 3038 difficultas
556 2972 730 3036 levaretur.
759 2973 830 3037 Iam
852 2971 935 3035 illud
959 2970 1102 3034 taedium
1123 2970 1229 3056 posui,

132 3084 327 3149 conlationis
345 3106 424 3147 vero
446 3081 641 3148 Ravennatis
666 3091 698 3146 ct
710 3081 832 3145 Veneti
852 3080 1080 3144 Bekkerianae
1099 3079 1230 3167 plenio-

30 3199 33 3208 ‘
131 3215 321 3276 remquam
356 3214 437 3275 quae
466 3213 507 3254 cx
537 3190 700 3255 Dindorfii
736 3189 878 3254 editione
908 3188 1090 3255 Oxoniensi
1123 3188 1229 3275 parari

133 3309 262 3385 poterat
294 3299 441 3362 notitiam
466 3298 507 3363 Ο.
532 3298 638 3360 Iahnii
670 3279 858 3361 liberalitati
879 3299 1004 3383 debeo,
1028 3297 1229 3362 deteriorum
1267 3347 1270 3353 .

133 3417 243 3472 autem
266 3406 415 3470 codicum
448 3407 606 3469 lectiones
634 3406 693 3470 etsi
723 3406 756 3470 in
786 3407 974 3472 universum
999 3407 1094 3470 valde
1117 3406 1229 3472 dolen·

135 3517 210 3580 dum
240 3524 378 3580 estnon
401 3535 513 3579 omnes
535 3524 627 3578 notas
659 3537 739 3596 esse,
763 3525 872 3580 tamen
896 3517 936 3581 ad
957 3516 1125 3598 rationem,
1148 3537 1231 3602 quae

133 3628 219 3690 inter
241 3625 381 3712 optimos
397 3622 579 3688 intercedat
603 3625 742 3707 codiceS,
764 3624 981 3693 definiendam
1000 3647 1054 3689 eas
1077 3624 1231 3690 sufficere

137 3734 295 3814 intellexi,
321 3733 459 3821 quaein
476 3733 642 3797 Dindorfii
666 3735 808 3797 omnium
831 3734 1012 3799 fabularum
1037 3732 1231 3819 Oxoniensi,

133 3843 168 3908 in
193 3841 339 3906 ciusdem
358 3839 511 3925 Equitum
526 3840 622 3905 Pacis
634 3841 797 3906 Ranarum
810 3841 1044 3929 Lipsiensibus,
1066 3842 1100 3906 in
1117 3841 1231 3906 Thiar·

134 3949 215 4012 schii
240 3949 327 4014 Pluti
355 3949 498 4014 editione
530 3949 701 4013 adnotatae
733 3959 817 4016 sunt.
861 3951 976 4034 ltaque
1000 3951 1151 4016 constitui
1176 3950 1231 4015 de·

136 4079 223 4122 mum
247 4059 332 4122 hanc
352 4081 420 4122 rem
456 4059 681 4144 gravissimam
705 4060 739 4123 in
769 4060 925 4124 iudicium
948 4082 1064 4125 vocare
1098 4069 1130 4124 ct
1159 4081 1231 4125 sen·

134 4170 270 4233 tentiam
293 4188 399 4231 meam
421 4191 493 4232 cum
515 4168 701 4233 hominibus
725 4169 826 4233 doctis
850 4170 1100 4234 communicare.

582 4311 786 4330 ..ιη-Μ

1017 4356 1031 4410 1
