3112 5062
811 331 855 398 et

285 519 385 588 tiores
419 541 542 610 poenas
573 519 680 588 daut!
715 520 842 588 Eodem
871 521 1031 609 temporis
1060 527 1225 584 momente
1255 517 1382 603 accidit,

285 639 322 696 ut
353 629 411 696 ille
447 631 653 719 omnipotens
692 632 726 696 in
759 631 864 696 lutum
896 630 1104 717 ingrediatur
1135 642 1169 694 et
1202 627 1381 692 exclamet:

286 737 355 820 „At
386 737 440 804 bic
472 739 552 804 mihi
586 737 719 805 vadenti
750 739 839 804 lutus
873 761 945 804 esse
981 737 1141 802 videtur.“
1175 735 1243 804 Sed
1272 736 1381 800 animo

286 856 439 934 correpto
461 847 573 934 pergit
607 848 650 913 de
682 857 877 935 tempestate
906 848 1009 914 fusius
1033 869 1153 932 agens:
1178 897 1194 928 η
1216 845 1288 910 Nee
1309 842 1382 908 fieri

286 966 404 1043 potest,
427 957 624 1044 quinetiam
650 957 700 1022 his
722 957 885 1043 proximis
908 955 1024 1022 diebus
1048 956 1154 1044 pluat3
1176 954 1271 1039 iringi
1292 964 1382 1018 certe

286 1065 490 1132 incrementa
512 1077 644 1133 sumunt
666 1067 746 1132 cte.“

386 1198 455 1265 Iam
479 1199 542 1288 ipsi
567 1199 765 1286 optimorum
788 1199 937 1264 codicum
960 1222 1023 1286 ope
1045 1197 1242 1261 emendandi
1257 1197 1382 1284 pericu·

286 1307 352 1374 lum
375 1308 564 1374 subibimus.
583 1307 729 1372 Primum
745 1307 814 1392 Eq.
828 1308 890 1372 388
912 1308 946 1372 in
970 1307 1126 1372 iudicium
1143 1329 1312 1388 vocemus;
1326 1305 1383 1370 ubi

286 1417 320 1486 in
343 1419 493 1484 omnibus
523 1417 595 1483 aliis
628 1418 795 1484 codicibus
831 1418 954 1502 legitur
984 1416 1085 1502 μηδὲν
1110 1408 1254 1502 ὀλίγον
1282 1415 1384 1498 ποίει,

285 1549 369 1594 unus
388 1527 561 1594 Ravennae
584 1527 718 1592 exbibet
738 1527 838 1614 μηδὲν
862 1523 1041 1592 ἔλαττον
1060 1525 1162 1592 ποίει.
1184 1525 1280 1590 Illam
1304 1525 1385 1589 seri-

286 1645 414 1726 pturam
451 1658 564 1702 omnes
599 1649 812 1724 receperunt3
847 1659 919 1702 nant
953 1636 1168 1720 Dindorfius‚
1199 1635 1253 1719 qui
1284 1634 1384 1720 μηδὲν

287 1741 479 1834 ἐλαφρὸν
499 1743 589 1810 ποίει
612 1745 821 1812 scribendum
843 1765 915 1809 esse
935 1745 1133 1826 coniecerat,
1152 1744 1187 1808 in
1202 1743 1384 1810 Oxonicnsi

286 1853 431 1920 editione
454 1863 638 1918 ceterorum
653 1853 840 1941 exemplum
863 1865 993 1918 secutus
1010 1863 1067 1918 est.
1093 1853 1141 1917 At
1161 1877 1276 1940 parum
1297 1863 1384 1918 recte

286 1961 320 2028 hi
346 1983 459 2029 omnes
492 1961 601 2047 egisse
632 1961 796 2028 videntur.
840 1963 1021 2048 Berglerus
1055 1962 1187 2047 quidem
1223 1961 1383 2026 adtulerat

285 2071 491 2158 Thucydidis
526 2071 615 2137 locos
650 2071 705 2158 qui
738 2071 933 2136 videbantur
965 2071 1089 2137 similes
1121 2071 1199 2136 hos:
1229 2070 1302 2153 8,15
1331 2069 1385 2136 καὶ

285 2173 395 2266 ὀλίγον
418 2175 604 2266 ἐπράσσετο
632 2172 742 2260 otidis,
766 2181 816 2260 2,8
839 2172 949 2265 ὀλίγον
969 2203 1004 2244 τε
1027 2175 1185 2244 ἐπενόουν
1209 2171 1303 2245 οὐδὲν
1321 2169 1383 2262 ὀμ-

284 2283 432 2378 pirenos,
456 2289 498 2355 cl.
518 2289 599 2372 7,b9‚
624 2289 667 2354 ib.
681 2290 720 2354 87
747 2281 856 2374 ὀλίγον
878 2279 972 2354 otest
992 2283 1301 2374 resonasti-oense,-
1323 2287 1382 2354 sed

287 2397 444 2463 differunt
475 2397 509 2462 hi
540 2397 604 2462 loci
628 2399 668 2462 ab
696 2397 939 2484 Aristophanis,
963 2397 1050 2481 quod
1084 2397 1133 2460 his
1167 2398 1244 2461 loeis
1273 2397 1383 2461 litotes

286 2507 498 2593 agnoscenda
521 2514 580 2588 est,
602 2527 665 2592 qua
689 2505 844 2570 orationis
865 2505 915 2569 vis
943 2529 1037 2592 quam
1062 2505 1204 2570 maxime
1234 2515 1384 2589 augetur,

286 2615 454 2698 hocloco,
480 2613 608 2702 dequo
633 2615 754 2699 agitur,
779 2615 914 2699 agnosci
937 2636 1002 2677 non
1030 2623 1146 2701 potest.
1194 2614 1261 2680 Sed
1282 2615 1384 2679 multo

285 2723 383 2789 etiam
406 2723 560 2788 maiorem
591 2722 826 2788 dubitationem
849 2723 920 2811 ipsa
942 2723 998 2786 illa
1021 2723 1153 2808 optimi,
1175 2733 1212 2787 ut
1233 2723 1383 2806 vidimus,

285 2829 319 2896 in
343 2831 405 2897 hac
427 2831 539 2898 tabula
567 2832 689 2898 codicis
713 2833 910 2898 Ravennatis
932 2832 1020 2896 varia
1041 2831 1137 2894 lectio
1160 2843 1279 2914 movet,
1303 2852 1381 2919 quae

284 2938 456 3027 interpreti
490 2939 653 3026 quomodo
676 2941 790 3004 deberi
818 2941 993 3006 Dindortio
1020 2940 1123 3005 videri
1146 2940 1298 3027 potuerit,
1322 2962 1385 3026 ego

285 3069 350 3112 non
372 3045 543 3132 adsequor.
572 3045 657 3112 Nam
679 3070 874 3133 quamquam
899 3070 980 3132 quae
1003 3072 1090 3114 nunc
1111 3050 1266 3134 leguntur
1284 3047 1387 3134 μηδὲν

286 3151 421 3220 ἔλαττον
443 3152 535 3220 ποίει
559 3176 619 3243 per
652 3175 686 3220 se
720 3156 799 3220 ferri
832 3167 1008 3242 nequeunt,
1043 3165 1152 3221 tamen
1182 3178 1220 3222 ca
1251 3155 1384 3221 omniuo

286 3261 368 3328 ialsa
389 3283 462 3329 esse
483 3273 552 3328 tum
566 3263 699 3328 demum
724 3264 803 3328 mihi
825 3265 1038 3352 persuaseris,
1061 3267 1085 3329 si
1109 3265 1385 3331 demonstraveris

284 3368 371 3434 iuter
401 3369 501 3456 μηδὲν
534 3379 567 3435 et
601 3367 736 3436 ἔλαττον
772 3371 854 3436 nihil
885 3373 1084 3438 intercidere
1117 3373 1280 3460 potuisse,
1319 3395 1383 3456 quc

285 3477 435 3543 restituto
459 3488 492 3542 et
518 3478 614 3542 metri
639 3489 671 3542 et
698 3480 883 3544 sententiae
903 3481 1087 3566 integritati
1110 3482 1293 3548 satisfieret.
1336 3481 1385 3546 At

286 3607 351 3650 non
372 3583 477 3649 solum
503 3585 566 3650 hoc
596 3609 662 3651 non
686 3587 808 3674 poteris
833 3587 1068 3673 demonstrare,
1089 3611 1202 3654 verum
1225 3590 1322 3653 etiam
1349 3589 1388 3653 in

287 3691 346 3758 hac
369 3691 572 3782 antistrophe
594 3695 751 3760 nonnulla
773 3695 873 3760 verba
895 3696 1099 3761 intercidisse
1123 3697 1310 3762 iamdudum
1335 3697 1383 3762 in·

286 3801 453 3866 tellectum
477 3811 534 3866 est.
565 3801 769 3868 Erraverunt
793 3825 872 3868 vero
899 3804 953 3888 qui
976 3806 1197 3892 postpositos
1220 3790 1275 3870 ὧδ’
1302 3805 1383 3870 duos

287 3907 425 3975 creticos
450 3907 657 3974 intercidisse
674 3922 886 3998 putaverunt3
909 3914 958 3978 his
982 3913 1068 3979 enim
1083 3915 1191 3979 verbis
1213 3935 1255 3979 ne
1277 3923 1385 4003 potest

287 4005 432 4103 quidem'
459 4018 630 4102 quiequam
671 4021 757 4087 addi.
814 4013 903 4103 Quid
940 4023 1041 4106 igitur
1073 4022 1274 4108 probabilius
1312 4042 1383 4087 esse

288 4135 395 4214 potest
420 4148 517 4213 quam
544 4127 634 4193 illam
670 4130 816 4194 lacunam
839 4130 925 4196 inter
947 4131 1047 4216 μηδὲν
1070 4141 1103 4195 et
1126 4127 1261 4197 ἔλαττον
1285 4151 1385 4216 quae-
