3112 5062
702 341 742 407 15

174 531 234 596 dos
263 529 359 594 nobis
395 551 569 611 sumemus,
607 529 661 614 qui
691 529 745 616 vel
779 527 990 593 multitudine
1023 537 1056 592 et
1083 527 1272 592 auctoritate

171 661 308 721 eorum,
336 637 391 724 qui
419 638 466 701 eis
495 637 661 702 constricti
696 637 840 719 fuerunt,
872 637 926 700 vel
952 658 990 701 eo
1014 657 1087 701 sese
1110 657 1272 700 commen-

174 749 262 831 dant,
286 746 374 832 quod
395 769 473 810 usus
487 745 718 832 Aristophanis
739 744 967 832 perscrutandi
989 767 1081 810 ansas
1102 745 1272 832 praebent.

273 880 490 946 Adulterum
519 902 625 965 genus
652 879 795 966 pertinet
824 879 985 945 Kockii
1005 879 1066 964 Eq.
1093 879 1151 944 177
1175 901 1271 964 quam

173 986 482 1078 putatemendatio.
524 989 715 1074 Legebotur
737 990 914 1054 hocloco:

311 1121 409 1209 γίγνει
431 1117 499 1208 γὰρ,
529 1117 574 1199 ὦς
597 1117 614 1187 ὁ
636 1117 781 1208 χρησμὸς
803 1117 916 1188 οὑτοσί
939 1122 1032 1208 λέγει,

312 1224 392 1331 ἀνὴρ
414 1231 575 1318 μέγιστος.
598 1235 719 1296 ΑΛΛ.
741 1229 883 1316 εἰπέμεν
905 1231 959 1298 καί
981 1235 1055 1310 πῶς
1079 1227 1140 1318 ἒγώ
1165 1231 1228 1300 ἒνλ.

254 1367 425 1434 Ravennae
457 1365 621 1454 inpriore
654 1387 750 1431 versu
781 1366 865 1430 inter
887 1361 945 1451 γὰρ
976 1376 1009 1430 et
1032 1361 1076 1444 ιῦς
1099 1353 1270 1454 interposi·

172 1487 239 1542 tum
262 1477 359 1542 habet
373 1465 477 1554 ίίννως
486 1502 496 1555 ,·
520 1499 583 1561 quo
596 1475 684 1540 varia
698 1475 839 1540 lectione
854 1485 986 1564 arrepta
998 1475 1147 1542 Koehius
1172 1476 1269 1560 (Mus.

171 1588 277 1654 Rhen.
303 1587 352 1652 IX
375 1611 406 1674 p.
419 1586 496 1671 500)
521 1586 568 1650 sic
588 1584 796 1651 scribendum
819 1607 908 1651 esse:

313 1723 411 1807 γίγνει
430 1716 489 1806 γὰρ
512 1709 652 1804 drame,
674 1713 719 1798 ὥς
742 1714 760 1784 ὁ
783 1712 929 1805 χρησμός
951 1742 1021 1785 σοι
1042 1717 1126 1804 λέγει
1146 1718 1214 1790 rel:

174 1857 251 1922 mihi
277 1857 407 1941 quidem
429 1878 495 1919 non
512 1855 681 1941 persuasit.
725 1853 809 1918 Nam
834 1854 921 1938 quod
942 1854 1039 1918 homo
1062 1853 1268 1918 doctissimus

171 1965 326 2055 postulat,
349 1962 860 2044 utDemosthenes'insieiarium
884 1963 918 2028 in
942 1985 1103 2027 summum
1127 1969 1268 2049 potesta-

172 2074 213 2139 tis
236 2073 403 2158 fastigium
432 2095 641 2138 escensurum
674 2092 744 2135 esse
769 2070 892 2135 maiore
914 2069 946 2134 ri
979 2079 1154 2154 asseveret,
1176 2079 1212 2135 ut
1234 2069 1268 2133 hi

170 2183 319 2269 theologi
343 2182 448 2270 magis
483 2192 516 2248 et
537 2181 663 2247 facilius
694 2179 788 2247 nobis
818 2179 987 2268 imponere
1022 2179 1082 2246 sibi
1104 2179 1268 2262 videntur,

171 2293 197 2357 si
222 2293 326 2377 digito
353 2301 569 2358 monstrantes
594 2290 703 2360 divina
718 2289 892 2356 bibliorum
908 2311 1073 2354 sacrorum
1089 2291 1189 2355 verba
1212 2313 1268 2355 an·

169 2410 327 2466 testentur
365 2423 460 2489 quam
496 2399 622 2487 quotvis
659 2399 860 2465 affirmativis
895 2399 1064 2485 particulis
1085 2399 1268 2483 cumulatis,

167 2510 212 2574 ito
235 2509 477 2574 Demosthenes
499 2507 539 2572 ad
570 2508 831 2597 persuadendum
862 2507 966 2596 aptius
990 2506 1069 2572 dioit
1090 2505 1188 2592 γίγνει
1209 2503 1268 2593 γὰρ

169 2613 215 2694 ὡς
239 2613 257 2681 ὃ
280 2612 425 2701 χρησμὸς
446 2612 593 2682 οὑτοσὶ
615 2617 698 2704 λέγει
727 2641 822 2704 quam
846 2639 920 2682 eum
937 2617 1067 2682 Koskio
1090 2615 1186 2701 γίγνει
1209 2612 1268 2702 γὰρ

169 2715 300 2803 ἷίνιως
325 2720 371 2803 ὥς
392 2720 410 2790 ὁ
432 2720 575 2811 χρησμός
597 2749 650 2792 σοι
671 2726 755 2813 λέγει
778 2726 845 2791 κτλ.
889 2725 932 2790 Et
951 2720 1064 2790 οὑτοσί
1087 2747 1268 2813 pronomen

168 2834 470 2916 demonstrativum,
497 2857 571 2899 eum
590 2835 832 2903 Demosthenes
854 2834 895 2900 ad
918 2834 1117 2900 insiciarium
1143 2834 1183 2898 de
1206 2835 1269 2900 hoe

166 2945 320 3038 vaticinio
349 2944 511 3010 nihildum
536 2945 666 3032 dixerit,
689 2947 906 3013 necessarium
931 2955 990 3010 est.
1033 2945 1138 3011 Huius
1165 2944 1268 3030 igitur

166 3077 279 3122 versus
295 3056 426 3142 vulgata
438 3055 605 3142 scriptura·
614 3058 692 3144 quin
705 3059 746 3122 ad
762 3057 866 3144 ipsum
879 3055 1134 3142 Aristophanem
1155 3055 1269 3122 redeat

167 3173 343 3246 auctorem,
374 3163 516 3228 dubitari
540 3165 661 3250 nequit.
706 3165 772 3256 Sed
799 3165 885 3253 quod
912 3165 946 3228 in
968 3165 1111 3253 priorem
1134 3186 1267 3230 versum
1325 3199 1327 3204 v

167 3294 234 3337 non
257 3271 393 3359 quadrat
415 3262 520 3350 ίίνιως
534 3271 730 3336 vocabulum
745 3274 880 3337 fortasse
893 3273 925 3336 in
941 3273 1043 3337 altero
1056 3295 1149 3338 suum
1161 3273 1267 3338 locum

167 3380 322 3446 inveniet.
366 3381 454 3462 Quid
478 3380 584 3466 enim,
607 3381 633 3446 si
657 3380 864 3448 scribendum
895 3403 967 3447 esso
991 3381 1106 3447 dixero
1129 3371 1267 3460 ὅντως

165 3489 341 3578 μέγιστοςί
374 3491 422 3556 At
454 3481 533 3578 ἀνήρ
565 3490 759 3558 vocabulum
793 3491 878 3578 apud
912 3491 1167 3580 Aristophanem
1199 3501 1266 3556 tam

167 3621 264 3686 saepe
290 3600 381 3684 quasi
403 3601 546 3666 fulcrum
576 3599 737 3666 adiectivo
769 3601 914 3666 additum
943 3610 1003 3685 est,
1024 3610 1060 3664 ut
1083 3601 1180 3666 etiam
1202 3600 1266 3666 hoc

166 3708 239 3772 loco
261 3731 280 3772 a
302 3719 399 3795 poeta
430 3697 539 3796 potius
573 3733 667 3796 quam
689 3735 708 3774 a
730 3711 863 3775 librario
896 3709 1059 3810 adiectum
1093 3729 1164 3774 esse
1197 3731 1264 3774 non

163 3817 268 3903 possit
300 3842 364 3883 non
398 3817 513 3886 videri.
558 3820 613 3888 Sic
643 3819 730 3884 infra
753 3845 783 3886 v.
803 3821 863 3885 765
892 3818 1060 3904 βέλτιστος
1082 3812 1160 3905 ἀνὴρ
1186 3820 1264 3906 περὶ

164 3919 224 3990 τὸν
245 3925 355 4011 δῆμον,
378 3951 409 3992 v.
431 3927 492 3991 873
523 3926 675 4010 κρίνων’
707 3923 794 3994 ὅσων
823 3915 927 4016 ἐγῷδα
958 3929 1037 4012 περὶ
1070 3923 1128 3993 adv
1159 3928 1264 4015 δῆμον

165 4021 252 4117 ἄνδρ’
274 4021 407 4118 ι’ίρισνον
419 4080 429 4114 ,
452 4059 482 4102 v.
504 4035 586 4100 1208
605 4026 684 4121 ἀνὴρ
706 4027 847 4118 ἀμείνων
878 4035 956 4121 περὶ
988 4035 1025 4102 σὲ
1055 4035 1109 4100 καί
1129 4031 1188 4100 τὸν
1206 4060 1264 4122 γα-

165 4141 273 4228 στέρα,
296 4141 381 4207 Plut.
402 4143 463 4208 209
495 4139 540 4224 ὥς
564 4142 619 4212 ἐὰν
639 4145 711 4232 γένῃ
736 4137 814 4233 ἀνὴρ
837 4140 1016 4229 πρόθυμος
1039 4136 1136 4223 αὐτὸς
1153 4142 1201 4224 εἷς
1220 4141 1258 4212 τί
