3112 5062
847 323 867 388 6

305 535 365 600 pro
395 506 504 595 ἅχεις,
526 533 556 574 v.
578 510 640 575 668
663 509 915 598 περιπεμφθείς
936 534 995 597 pro
1017 505 1263 597 περιπεφθείς,
1289 531 1320 572 v.
1343 505 1412 571 890
1436 515 1439 520 '

308 620 540 707 γενναιοτέρων
563 642 623 708 pro
644 643 678 704 γε
699 619 882 703 νεωτέρων,
906 643 936 686 v.
961 620 1042 686 1254
1062 613 1196 700 κατάξω
1219 641 1279 706 pro
1299 609 1411 680 πατά-

306 732 367 814 ξαι,
392 730 475 796 falso
499 729 645 794 additum
666 729 787 794 habere
810 752 840 794 v.
852 729 914 792 248
938 715 975 806 ὦ,
999 752 1029 794 ν.
1043 727 1105 794 263
1127 722 1145 792 ό
1167 723 1260 805 Ζεύς,
1277 748 1308 791 v.
1325 726 1408 790 1287

304 839 338 924 μ’
361 835 403 925 oi,
426 862 456 905 v.
481 839 564 903 1474
584 833 634 918 τὰ,
658 837 812 904 omissum
834 861 865 903 v.
888 839 929 904 90
950 829 1010 918 πί,
1031 861 1062 902 v.
1088 835 1168 903 1062
1190 830 1229 922 δή
1244 835 1280 922 ¹).

405 949 446 1015 In
458 947 562 1014 Pace
586 947 684 1012 etiam
702 946 826 1012 rariora
845 947 985 1030 vestigia
1005 945 1162 1011 invenies.
1186 967 1216 1010 ν.
1239 945 1301 1012 758
1319 954 1406 1011 υλατ-

306 1047 372 1147 ρυο
398 1057 506 1122 codex
527 1079 589 1145 pro
610 1050 757 1142 καμήλου
782 1056 916 1121 exhibet
937 1053 1088 1138 καμίνου,
1111 1076 1141 1120 v.
1159 1053 1221 1119 824
1242 1047 1287 1132 τός
1311 1049 1405 1138 ἔγωγ’

305 1162 484 1252 ἐπυθόμην
505 1188 566 1254 pro
589 1160 635 1244 ὡς
655 1159 717 1251 ἐμοὶ
736 1158 915 1250 ’πυθόμηκ
938 1187 968 1228 v.
980 1164 1051 1228 447
1067 1160 1096 1229 εί
1118 1185 1178 1250 pro
1200 1159 1259 1241 κεί,
1295 1185 1327 1228 v.
1343 1163 1406 1228 453

307 1272 340 1364 ίή
361 1275 471 1342 τοίνυν
493 1270 525 1362 λη
547 1269 579 1361 ἰὴ
605 1297 666 1362 pro
688 1269 720 1360 ἰὴ
740 1269 772 1361 ἰὴ
794 1273 903 1340 τοίνυν
925 1269 966 1360 ἰν),
1000 1271 1146 1336 additum
1170 1271 1268 1336 habet
1289 1294 1318 1339 v.
1344 1271 1408 1338 566

304 1382 372 1466 τόν,
397 1409 428 1451 v,
453 1386 535 1453 1099
558 1387 624 1450 νῦν.

335 1519 338 1524 ·
404 1495 445 1560 In
468 1494 638 1560 Avibus
669 1493 783 1558 messis
812 1515 878 1558 non
912 1493 1015 1558 maior
1050 1493 1120 1558 erit.
1162 1491 1280 1578 Neque
1312 1491 1408 1556 multi

306 1603 468 1672 momenti
490 1613 556 1687 est,
579 1603 666 1689 quod
689 1603 861 1668 Ravennas
889 1610 922 1664 et
944 1601 1092 1666 Venetus
1113 1625 1144 1666 v.
1166 1601 1208 1666 45
1231 1601 1409 1685 καθιδρυν-

304 1715 404 1781 θέντε
428 1735 488 1802 pro
511 1709 764 1796 καθιδρυθέντε,
787 1733 819 1774 v.
835 1710 898 1774 324
919 1705 1056 1794 ἐραστὰς
1077 1732 1136 1796 pro
1160 1705 1289 1794 ἐραστὰ,
1302 1731 1331 1776 v.
1346 1709 1406 1774 701

304 1822 419 1910 ἐγένετ’
450 1847 509 1910 pro
530 1819 639 1908 γένετ’,
673 1845 702 1885 v.
727 1821 787 1888 796
808 1814 847 1885 <iv
867 1843 928 1906 pro
954 1807 1009 1899 αὖ,
1041 1843 1071 1886 v.
1098 1821 1179 1886 1624
1197 1811 1408 1904 κόναρπάσας

304 1955 364 2021 pro
384 1928 535 2016 ἁρπάσας
558 1931 727 2018 scriptum,
760 1952 790 1994 v.
822 1929 884 1996 992
907 1925 945 1996 τό
979 1940 1053 1996 ante
1075 1925 1174 1996 κακὸν
1196 1929 1408 2014 (quamquam

305 2042 347 2108 de
369 2042 502 2108 Veneto
521 2039 715 2108 Dindorfius
737 2039 837 2124 tacet)
858 2037 1015 2118 additum,
1040 2062 1071 2103 v.
1092 2037 1155 2104 425
1175 2037 1230 2104 καί
1252 2038 1408 2106 omissum

307 2150 439 2216 habent.

315 2303 319 2326 .
412 2259 455 2325 In
479 2257 607 2324 Ranis
621 2257 818 2324 Ravennatis
833 2266 865 2322 et
876 2256 996 2322 Veneti
1018 2257 1098 2322 haec
1120 2256 1198 2321 vitia
1222 2256 1406 2322 communia

308 2375 403 2432 sunt:
426 2389 456 2432 v.
478 2366 520 2432 33
542 2363 633 2452 ἔγωγ’
659 2359 719 2430 οόκ
740 2390 799 2453 pro
822 2363 884 2451 ἐγω
907 2358 984 2445 οόκ,
1009 2389 1039 2432 v.
1060 2367 1123 2431 455
1144 2359 1233 2449 ίερόν
1254 2387 1314 2452 pro
1338 2360 1408 2432 ίλα-

308 2469 374 2556 ρόν,
397 2497 427 2540 v.
442 2475 502 2538 507
523 2474 608 2558 δεῦρ’
633 2495 692 2560 pro
716 2465 795 2553 ἀλλ’,
819 2499 850 2541 ν.
867 2477 926 2540 757
951 2475 1005 2541 καί
1025 2497 1085 2560 pro
1106 2471 1145 2562 χὴ
1169 2476 1224 2558 (cf.
1241 2475 1328 2541 Plut.
1346 2475 1406 2540 641

308 2581 358 2660 τίς
380 2577 400 2668 ἦ
425 2576 487 2668 βοή
511 2583 586 2648 ποτ’
612 2582 717 2662 ἐστίν,
740 2583 820 2668 Lys.
845 2585 907 2650 830
929 2583 962 2649 τί
984 2585 1011 2649 δ’
1037 2581 1140 2662 ἔστιν,
1174 2581 1248 2649 εἰπέ
1268 2609 1327 2668 μοι
1358 2582 1408 2662 τίς

309 2686 333 2778 ἧ
350 2686 429 2780 βοός
454 2715 534 2776 quos
556 2693 647 2758 locos
669 2693 827 2760 Meinekii
851 2718 946 2760 eausa
983 2694 1163 2781 adscripsi,
1191 2693 1245 2780 qui
1266 2693 1320 2759 καὶ
1341 2688 1405 2779 βοή

308 2801 444 2886 recepit)
468 2801 566 2866 v.971
590 2806 776 2889 σωφρονεῖν
794 2825 852 2890 pro
873 2793 929 2887 'ytzi
950 2807 1099 2890 φρονεῖν,
1117 2825 1147 2866 v.
1162 2802 1223 2868 907
1247 2823 1307 2867 om.
1335 2799 1405 2884 μέν.

392 2911 434 2976 In
453 2910 584 2974 Pluto
606 2910 708 2974 haee:
728 2894 759 2974 ν.
774 2911 830 2973 111
849 2907 974 2995 μακρόν
990 2909 1052 2996 μου
1065 2906 1180 2994 μακροὶ,
1202 2935 1232 2976 v.
1245 2911 1304 2976 367
1322 2906 1407 2991 ἔχεις

309 3039 369 3103 pro
394 3013 469 3098 ἔχει,
495 3041 524 3082 v.
547 3019 609 3082 610
630 3017 773 3083 παιδίων
794 3042 854 3106 pro
876 3018 1026 3103 παίδων,
1048 3043 1077 3086 v.
1100 3021 1162 3086 695
1179 3011 1407 3114 ἀνεπαλλόμην

311 3148 371 3212 pro
393 3117 611 3213 ἀνεπαυόμην,
635 3151 665 3192 v.
681 3128 741 3192 708
763 3127 799 3194 δὲ
822 3125 928 3216 κόκλιμ
953 3153 1012 3216 pro
1034 3129 1060 3194 δ’
1084 3129 1118 3194 έν
1139 3125 1255 3216 κόκλῳ,
1279 3152 1309 3194 v.
1325 3129 1406 3194 1088
1512 3143 1516 3150 ’

310 3237 388 3320 μοί-ν
417 3257 477 3322 pro
495 3231 571 3320 γὰρ,
598 3259 627 3301 v.
650 3236 730 3300 1096
753 3237 944 3320 προςείχιτο
969 3261 1028 3325 pro
1051 3238 1269 3322 προςίοχεται,
1293 3262 1324 3302 v.
1345 3239 1403 3302 301

310 3366 374 3408 om.
398 3339 549 3431 ἡμμένον,
571 3369 601 3409 v.
624 3345 684 3410 397
707 3345 781 3410 add.
804 3346 895 3432 λέγω,
922 3371 951 3412 v.
971 3349 1033 3413 576
1056 3348 1129 3412 add.
1153 3347 1216 3413 καί.

343 3559 350 3575 ’
415 3545 440 3614 1)
463 3545 596 3598 Consulto
608 3546 691 3599 omisi
700 3565 724 3601 v.
739 3551 799 3610 155,
819 3549 868 3602 ubi
888 3552 1006 3617 uterque
1024 3550 1113 3604 codex
1133 3551 1273 3620 πρῶτον
1292 3549 1407 3604 exhibet

308 3660 360 3712 pro
380 3646 538 3696 ceterorum
554 3642 682 3696 codicum
694 3661 774 3711 quam
787 3644 943 3698 Meinekius
962 3647 1094 3714 praetulit
1111 3646 1231 3718 legatione
1251 3640 1407 3716 πρότερον

310 3737 375 3806 quia
393 3737 463 3790 illud
472 3736 668 3807 Aristophanis
690 3757 749 3794 esse
768 3739 877 3794 eonfido
899 3739 933 3794 cf.
953 3741 1005 3809 Eq.
1018 3744 1053 3797 50
1072 3741 1167 3794 λοῦσαι
1186 3741 1319 3812 πρῶτον
1337 3741 1406 3794 ixdc-

307 3829 394 3894 κοίσας
410 3838 487 3906 μίαν,
508 3834 546 3888 ib.
565 3837 618 3889 488
637 3831 694 3888 ἀλλ’
713 3817 783 3908 iim·
820 3839 966 3909 πρῶτον
991 3833 1014 3890 ‹5'
1045 3835 1081 3898 ὠς
1099 3839 1154 3908 ἔμω
1178 3835 1225 3898 τὰς
1242 3842 1344 3896 κοιλίας
1362 3841 1406 3890 καὶ

306 3928 355 3994 τὰς
370 3936 510 4002 μαχαίρας
537 3932 640 3985 ἐνθαδί
657 3927 859 4004 καταθήσομαι,
890 3935 958 3987 Ach.
979 3921 1036 3988 γ383
1060 3935 1108 3988 νῦν
1134 3925 1182 3987 οὖν
1206 3953 1248 4006 με
1269 3937 1406 4006 πρῶτον

307 4031 373 4098 πρὶν
390 4029 480 4096 λέγειν
492 4023 589 4082 ἐάσατε
605 4019 843 4085 ἔνεσκευόσασθαί
857 4032 889 4102 μ’
908 4027 968 4085 οἷον
985 4025 1160 4096 ἀθλιώτατον,
1181 4031 1230 4086 ubi
1239 4031 1406 4100 Aristopha-

307 4140 357 4176 nes
376 4123 473 4176 eodem
500 4123 560 4177 iure
579 4125 688 4195 πρῶτον
715 4123 795 4191 dixit,
815 4144 869 4194 quo
897 4103 956 4180 nos¹
976 4127 1004 4178 in
1026 4126 1161 4180 similibus
1181 4128 1337 4194 „michan
1357 4145 1406 4180 vor

307 4220 379 4273 allen
397 4219 531 4290 Dingen.“
1447 4211 1448 4216 ί
