3112 5062
834 313 873 379 16

304 495 488 588 πράγματα,
511 501 551 566 al.
570 501 595 581 ¹)
631 501 779 584 Quorum
810 500 1037 588 exemplorum
1070 497 1282 564 similitudine
1306 497 1414 564 cffici-

304 623 359 678 tur
384 611 482 676 etiam
510 609 596 676 Plut.
609 609 671 674 339
693 607 947 695 praeferendum
971 629 1052 690 esse,
1074 606 1162 692 quod
1185 609 1218 672 in
1239 607 1412 674 codicibus

303 719 446 807 legitur,
481 713 526 796 ῶς
559 716 711 804 ἐξαπίνης
741 709 842 804 ἀνὴρ
876 714 1038 803 γεγένηται
1066 710 1237 800 πλούσιος,
1255 715 1411 800 Perconi,

305 849 401 918 quem
427 827 572 892 editores
594 827 664 892 fere
688 826 790 892 secuti
816 835 901 908 sunt,
934 819 1024 912 ἀνὴρ.
1066 825 1181 912 Itaquc
1206 824 1302 889 ctiam
1327 814 1409 910 ἀνὴρ

303 936 455 1022 μέγιστος
490 938 590 1002 verba
625 936 791 1000 satistuto
824 958 896 1000 csse
917 935 1070 1000 videntur
1092 958 1110 998 a
1133 957 1229 998 manu
1254 932 1408 998 emenda·

305 1047 396 1112 trice.
452 1045 527 1111 Non
549 1045 654 1110 minus
678 1066 761 1128 quae
783 1055 939 1110 secuntur
961 1040 1035 1110 εἶνιὲ
1060 1053 1092 1108 et
1113 1046 1187 1120 πῶς
1208 1037 1269 1127 ἑγῶ
1293 1051 1409 1130 utpote

306 1178 439 1241 prorsus
462 1153 656 1218 necessaria.
711 1152 834 1218 Contra
857 1155 1021 1242 superflua
1054 1173 1126 1216 esse
1149 1151 1302 1216 videntur
1324 1174 1406 1238 quae

304 1265 502 1330 interiacent
524 1287 581 1346 μοι
600 1273 632 1328 et
653 1262 715 1328 καὶ.
742 1261 892 1328 Fortasse
915 1263 1017 1350 igitur
1031 1261 1126 1327 scribi
1150 1271 1256 1350 potest
1275 1251 1409 1338 ἀντιος

304 1365 399 1461 ἀνὴρ
423 1372 584 1458 μέγιστος.
630 1364 716 1440 'Ata
748 1370 843 1438 εἰπὲ
870 1376 960 1450 νιῶς
983 1367 1044 1458 ἐγώ
1066 1372 1144 1436 κτλ..
1188 1371 1255 1439 Sed
1278 1393 1320 1436 ne
1343 1371 1407 1435 hoc

306 1483 438 1570 quidem
470 1482 624 1547 concedo.
681 1470 874 1548 Cavendum
907 1483 994 1546 enim
1019 1491 1078 1562 est,
1111 1504 1152 1546 ne
1181 1490 1245 1545 tam
1274 1489 1407 1544 tenaces

305 1593 406 1657 simus
428 1591 599 1679 propositi,
633 1601 669 1656 ut
700 1593 829 1676 tyranni
853 1591 1021 1657 cuiusdam
1042 1590 1258 1679 potentissimi
1281 1600 1314 1654 ct
1334 1614 1406 1656 cru-

306 1700 462 1766 delissimi
487 1701 582 1787 (quot
611 1701 697 1765 enim
730 1700 874 1788 perdidit
906 1701 1091 1766 criticorum
1115 1701 1234 1784 lususi)
1254 1699 1406 1764 instantis

305 1810 414 1874 vultus
436 1833 497 1876 nos
520 1832 586 1874 non
610 1809 734 1895 quatiat
756 1819 865 1875 mente
885 1810 999 1894 solida,
1023 1833 1115 1875 usum
1140 1807 1295 1894 loquendi
1320 1808 1407 1893 dice,

307 1919 360 2003 qui
385 1919 446 1984 hoc
469 1918 541 1982 loeo
557 1927 645 1983 vetat
667 1939 709 1984 ne
724 1895 782 2002 poi
804 1941 983 2005 pronomen
1000 1917 1164 1983 eiciamus.
1208 1917 1273 1982 Per
1292 1940 1407 1982 omncs

306 2029 392 2092 enim
419 2027 650 2114 Aristophanis
683 2027 808 2092 fabulas
841 2027 1027 2114 ubicunque
1049 2023 1123 2093 εἰπέ
1145 2026 1337 2091 vocabulum
1357 2025 1406 2090 in·

307 2136 563 2222 terrogationcm
586 2137 640 2200 vel
662 2136 767 2222 ipsum
786 2135 910 2225 excipit
932 2146 967 2202 ut
989 2137 1065 2202 Pac.
1090 2136 1152 2199 210
1175 2138 1233 2201 τοῦ
1255 2135 1282 2200 d’
1309 2135 1403 2216 εἵνεχ’

306 2240 389 2331 ἡμᾶς
410 2246 496 2309 τοῦτ’
522 2242 683 2330 teporem
707 2243 782 2312 εἰπέ
794 2271 862 2330 μοι,
887 2247 939 2310 vel
957 2268 994 2310 ea
1017 2245 1178 2334 excipitur
1192 2254 1228 2310 ut
1245 2246 1328 2310 Aeli.
1341 2245 1405 2309 318

307 2351 381 2420 εἰπέ
403 2379 461 2438 μοι
481 2353 513 2419 τί
533 2354 619 2420 τοῖτ’
645 2346 777 2420 ἀπειλεῖ
808 2345 935 2433 τοῦπος
957 2383 1014 2434 -·‚·
1034 2381 1092 2440 μοι
1113 2377 1293 2442 pronomen
1316 2354 1407 2420 addi·

307 2474 375 2527 tum
397 2473 445 2528 est
461 2463 499 2545 ²).
544 2462 641 2543 Quod
665 2488 739 2528 casu
762 2444 883 2530 facturn
905 2486 976 2529 esse
999 2489 1064 2530 non
1087 2465 1209 2553 poteris
1234 2463 1345 2530 dicere
1371 2465 1407 2531 in

308 2571 525 2660 quadraginta
547 2573 618 2638 fere
642 2595 723 2660 quae
740 2575 890 2640 conlecta
912 2575 1016 2640 habco
1029 2575 1190 2661 exemplis
1210 2597 1316 2660 neque
1339 2573 1406 2640 cui-

307 2705 403 2766 quam
434 2683 609 2770 probabis,
646 2685 698 2769 qui
729 2683 861 2769 quidem
884 2683 1013 2748 noverit
1044 2684 1203 2750 sermonis
1227 2684 1407 2750 communis

308 2789 534 2856 constantiam.
578 2791 695 2876 Neque
719 2793 813 2858 huius
842 2794 927 2878 legis
949 2794 998 2858 vis
1029 2815 1067 2858 co
1090 2795 1226 2877 levatur,
1250 2794 1335 2878 quod
1361 2793 1408 2858 bis

308 2899 392 2964 terni
415 2900 478 2966 loci
500 2900 560 2984 uq.
574 2901 633 2966 109
657 2895 752 2985 εἴπ’,
775 2894 986 2986 ἀντιβολῶ,
1009 2901 1041 2967 τί
1065 2899 1152 2982 ἔστις
1174 2903 1216 2968 ib.
1232 2903 1291 2967 142
1312 2897 1409 2985 εἴπ’,

306 2999 535 3092 ἀντιβολῶ,
571 3008 621 3087 τίς
651 3009 752 3089 ducam
787 3011 829 3077 ib.
854 3013 933 3077 1202
967 3007 1071 3096 εἴπ’,
1096 3005 1310 3097 ἀντιβολῶ,
1335 3017 1410 3093 πῶς

239 3173 241 3178 ,
307 3111 487 3203 ἐπενόησας
510 3113 671 3202 ripaduun
693 3129 725 3182 ct
740 3119 900 3186 Nub.900
916 3119 1008 3188 εἰπὲ
1029 3123 1070 3188 τί
1083 3128 1209 3204 ποιῶν,
1231 3124 1334 3211 Vesp.
1345 3123 1408 3190 293

307 3221 392 3291 πάνυ
404 3227 430 3312 γ’
450 3213 632 3308 adnerotes,
656 3221 723 3294 ἀλλ’
747 3227 841 3297 εἰπὲ
862 3231 904 3296 τί
923 3229 1034 3316 βούλει
1045 3259 1086 3318 με
1103 3234 1268 3320 πρίασθαι
1290 3229 1410 3314 καλόν,·

308 3335 382 3400 Ροο.
410 3337 469 3402 118
495 3333 567 3404 ἔστι
585 3363 617 3403 τι
638 3340 732 3404 τῶνδ’
756 3336 882 3424 ἐτύμως
904 3337 990 3408 εἴπ’
1019 3330 1046 3407 ῶ
1068 3339 1172 3431 πάτερ
1192 3338 1277 3410 εἴτι
1300 3345 1409 3434 φιλεῖς

305 3469 347 3528 με
370 3445 556 3532 excipiendi
589 3457 681 3531 sunt;
711 3450 760 3513 illi
786 3451 871 3516 enim
902 3475 973 3517 sese
1004 3453 1065 3539 ipsi
1099 3464 1264 3538 excusant,
1286 3454 1335 3519 his
1354 3477 1409 3543 pa·

307 3554 391 3618 troni
416 3555 563 3620 existunt
576 3559 751 3644 anapaesti,
774 3559 881 3642 ionici,
905 3561 1096 3648 hexameter
1110 3562 1305 3650 dactylicus
1321 3563 1406 3630 Nam

310 3663 375 3728 dici
398 3665 521 3752 nequit,
557 3677 713 3752 quantum
745 3668 843 3733 distet
864 3670 1086 3736 trimetrorum
1118 3695 1224 3738 sermo
1248 3697 1266 3738 a
1288 3683 1407 3738 metro·

410 3911 435 3970 1)
455 3908 495 3963 Cf.
516 3909 598 3979 Vesp.
619 3913 671 3965 923
692 3913 781 3966 κυνῶν
798 3907 929 3969 ἁπάντων
947 3885 1055 3987 dudpo
1073 3925 1406 3990 μονοφαγίστατον.

408 4012 436 4082 2)
453 4013 505 4082 Eq.
524 4015 577 4068 741
597 4014 646 4068 ubi
663 4014 746 4084 vulgo
765 4018 829 4070 εἰπέ
844 4034 905 4072 νυν
922 4024 950 4072 τί
967 4020 1229 4090 βρῶν,·1οςο1)ολιιο,
1249 4025 1406 4078 rectissime

306 4106 428 4162 Koekius
459 4126 493 4163 ex
523 4109 691 4166 Ravennatis
720 4113 839 4168 lectione
858 4117 922 4169 εἰπέ
945 4121 1013 4188 μοί
1039 4135 1100 4172 νυν
1117 4120 1243 4188 reposuit
1260 4125 1325 4176 εἰπέ
1339 4141 1405 4194 μοι

305 4209 334 4258 τί
350 4205 431 4278 δρῶν.
