3112 5062
822 319 862 384 10

297 503 353 571 vix
389 483 496 572 tamen
531 507 700 590 minorem,
734 530 829 595 quam
862 528 974 572 corum
1009 528 1092 592 quae
1124 507 1323 574 Ravennatis
1359 517 1395 572 et

292 613 413 680 Veneti
437 616 619 682 communia
641 640 738 706 supra
760 619 915 684 inunum
938 617 1116 704 coegimus.
1140 616 1267 684 Eodem
1287 617 1393 704 igitur

292 725 373 808 iure,
409 748 472 811 quo
507 750 605 814 supra
635 729 854 810 Ravennatis,
888 751 976 794 nunc
1010 728 1209 794 deteriorum
1240 726 1391 792 codicum

292 835 508 922 archetypum
531 835 651 902 Veneti
673 839 798 902 fontem
821 838 921 904 fuisse
945 848 977 902 et
1001 860 1043 904 cx
1065 837 1191 904 duobus
1212 835 1278 902 illis
1300 836 1391 902 codi-

293 943 384 1008 cibus
407 945 493 1010 hunc
516 945 648 1010 tertium
674 947 885 1035 compilatum
907 969 980 1014 csse
1003 947 1160 1012 dicemus.

393 1054 486 1137 Quae
508 1077 580 1120 cum
602 1054 646 1120 ita
670 1043 744 1138 sint,
775 1057 961 1141 ubicunque
982 1057 1152 1124 Ravennae
1186 1064 1220 1120 et
1240 1055 1390 1122 Venetus

292 1162 379 1228 inter
401 1183 437 1229 se
460 1163 657 1251 discrepant,
690 1186 754 1230 non
783 1164 847 1230 iam
872 1165 1095 1250 quaerendum
1119 1164 1191 1246 erit,
1213 1173 1288 1230 uter
1310 1186 1391 1252 pro-

291 1271 363 1359 pius
386 1271 663 1362 ad'archctypum
688 1273 842 1356 accedat,
877 1274 936 1340 sad
957 1283 1067 1340 utrum
1089 1273 1237 1339 Venetus
1260 1273 1389 1355 codem,

291 1379 539 1467 quoRavennas
563 1405 605 1446 an
630 1405 692 1469 quo
714 1381 894 1448 deteriores
911 1382 1042 1448 codices
1065 1385 1155 1448 fonto
1178 1405 1255 1448 usus
1278 1382 1388 1448 fuerit.

390 1489 438 1556 At
459 1490 669 1558 inveniuntur
701 1493 775 1578 loci,
806 1493 863 1558 ubi
896 1493 1013 1558 dubius
1045 1493 1189 1571 haereas,
1214 1492 1255 1558 ad
1278 1500 1388 1556 utrum

290 1602 414 1666 fontem
437 1599 557 1665 Veneti
578 1601 753 1668 lectionem
778 1603 913 1684 referas,
934 1589 1055 1690 quippe
1077 1623 1160 1686 quac
1182 1602 1222 1666 ab
1246 1609 1388 1686 utroque

289 1731 397 1797 aeque
429 1711 537 1776 aliena
567 1711 618 1778 sit.
662 1711 718 1780 Sic
741 1712 803 1797 Eq.
826 1713 890 1778 473
910 1713 1080 1780 Ravennas
1110 1711 1232 1800 aliique
1256 1710 1389 1776 codices

291 1841 404 1886 omncs
434 1819 665 1904 προςπὲμσων
692 1822 862 1906 exhibent,
894 1845 978 1916 unus
1001 1821 1149 1886 Venetus
1170 1814 1384 1906 προςσισών,

290 1928 392 2018 Vesp.
413 1929 475 1995 675
498 1930 586 1995 solus
608 1930 754 1996 Venetus
776 1931 1027 2019 δωροφοροῦσιν
1049 1952 1109 2018 pro
1131 1911 1384 2014 δαῖροδοκοῦσιν,

290 2061 319 2104 v.
347 2037 408 2104 702
441 2036 551 2105 ἔλαιον
583 2063 643 2128 pro
665 2029 821 2124 α’λεορον,
851 2041 927 2106 Pac.
952 2040 1031 2104 1317
1066 2030 1295 2126 κάπιχορεύειν
1323 2062 1385 2127 pro

286 2137 520 2228 κᾶκικελεύειν,
543 2149 624 2215 Ran.
638 2149 698 2215 753
718 2141 960 2232 κᾶκμολύνομαι
974 2171 1032 2236 pro
1045 2139 1284 2232 κάκμιαίνομαι,
1301 2145 1385 2212 l'lut.

288 2255 346 2320 871
372 2252 546 2343 πράγματα
571 2281 631 2346 pro
653 2255 809 2344 χρήματα,
832 2281 862 2324 v.
887 2258 968 2322 1044
989 2251 1179 2340 αἰσχύνομαι
1208 2279 1268 2344 pro
1291 2252 1386 2342 ὑβρί-

289 2366 393 2450 ζομαι.
437 2367 511 2432 Hae
542 2366 699 2432 lectiones
727 2389 801 2432 cum
836 2387 878 2432 ex
899 2377 1017 2432 neutro
1040 2367 1131 2432 fonte
1153 2365 1287 2430 haustae
1310 2385 1384 2428 esse

286 2475 423 2562 possint,
448 2478 614 2562 quaeritur
637 2486 747 2540 utrum
771 2497 812 2540 ex
846 2475 971 2542 librarii
1002 2475 1136 2560 ingenio
1162 2497 1202 2539 an
1224 2472 1384 2540 extentio

288 2585 396 2670 aliquo
419 2585 509 2651 fonte
525 2585 691 2652 fluxerint.
717 2585 796 2650 Mihi
820 2585 953 2674 quidem
973 2585 1055 2651 iilud
1078 2607 1193 2672 parum
1214 2583 1384 2672 probabile

293 2716 365 2762 csse
389 2693 527 2780 videtur,
550 2694 612 2761 boc
635 2695 865 2760 alterumvcro
888 2695 1011 2760 factum
1027 2715 1098 2760 csse
1119 2715 1158 2758 eo
1181 2693 1286 2778 magis
1305 2691 1384 2756 mihi

286 2825 477 2892 persuasum
499 2814 566 2887 est,
601 2826 664 2892 quo
696 2805 792 2892 plura
825 2805 986 2870 accedunt
1016 2825 1119 2890 eaque
1152 2803 1254 2868 multo
1287 2801 1383 2868 ctiam

288 2913 428 2979 certiora
460 2914 549 2980 tertii
584 2915 683 2980 fontis
715 2913 864 2998 vestigia.
910 2912 1000 2997 Quid
1032 2913 1144 2979 enim?
1177 2912 1204 2978 si
1232 2912 1320 2980 Plut.
1341 2911 1384 2976 50

287 3023 457 3090 Ravennae
488 3022 568 3110 βίῳ,
603 3023 782 3088 deteriores
818 3022 950 3088 codices
976 3016 1100 3108 χρόνῳ,
1121 3022 1269 3088 Venetus
1302 3042 1381 3085 vcro

258 3187 261 3196 ,
284 3133 460 3228 lectionem
474 3132 609 3198 exhibet
627 3133 804 3198 admodum
818 3133 1021 3217 singularam
1036 3127 1114 3214 ἔτει,
1132 3154 1210 3196 num
1224 3140 1259 3196 tu
1276 3139 1383 3218 putas,

285 3243 369 3308 hanc
389 3267 408 3308 a
430 3243 562 3308 librario
586 3253 727 3310 creatam
755 3243 848 3310 esse?
871 3243 936 3308 Vel
959 3243 986 3308 si
1003 3243 1046 3308 ib.
1070 3265 1099 3308 v.
1119 3241 1199 3306 1013
1221 3241 1255 3307 in
1277 3241 1388 3308 omni-v

283 3354 341 3418 bus
378 3352 450 3417 aliis
484 3352 651 3419 codicibus
684 3355 844 3440 scriptum
869 3361 918 3418 est
949 3347 1101 3438 μεγάλοις
1124 3343 1302 3438 ὀχουμένην
1310 3399 1320 3432 ,
1348 3349 1383 3414 in

284 3481 349 3524 uno
362 3458 493 3524 Veneto
514 3453 683 3544 μεγάλοισι
706 3455 743 3546 νὴ
759 3460 832 3542 Δία,
853 3483 932 3524 num
953 3470 991 3524 tu
1014 3460 1077 3525 hoc
1101 3459 1227 3526 librarii
1248 3459 1382 3546 ingenio

285 3567 404 3632 dabis?
427 3568 463 3637 si
486 3568 599 3650 velles,
628 3590 691 3655 cgo
725 3591 792 3636 non
825 3569 1051 3635 concederem.
1095 3568 1167 3635 Nec
1188 3570 1258 3658 ipsc
1279 3569 1381 3652 volas,

283 3677 309 3745 si
333 3677 415 3742 alios
439 3677 530 3742 locos
562 3679 751 3762 contuleriS,
773 3678 829 3744 ubi
858 3678 981 3744 similes
1011 3679 1170 3744 lectiones
1196 3679 1229 3743 in
1251 3679 1380 3744 Veneto

214 3815 217 3820 ·
284 3796 319 3852 ut
343 3786 452 3852 variae
483 3787 640 3852 lectiones
672 3788 705 3854 in
738 3788 890 3874 margine
918 3798 1044 3854 tantum
1073 3788 1259 3876 adscriptae
1289 3797 1381 3872 sunt;

283 3895 334 3960 his
358 3895 444 3960 enim
465 3897 548 3963 locis
572 3897 722 3963 librarius
743 3899 813 3986 ipse
837 3920 872 3962 se
895 3899 991 3964 tortio
1014 3897 1124 3983 aliquo
1150 3898 1263 3963 codice
1286 3920 1381 3964 usum

284 4027 356 4072 csse
379 4007 498 4098 prodit.
543 4006 594 4072 En
616 4008 698 4073 haec
722 4008 882 4095 exempla,
907 4007 1008 4094 Vesp.
1032 4007 1111 4072 1473
1135 4007 1284 4075 Venetus
1307 4031 1381 4074 cum

284 4115 404 4182 ceteris
426 4120 672 4206 κατακοσμῆσαι
692 4117 829 4204 recepit,
850 4117 909 4184 scd
929 4117 1050 4184 adiecit
1071 4140 1119 4204 χρ.
1141 4119 1380 4206 κατακηλῆσαι,·

282 4226 360 4294 Pac.
384 4227 465 4292 1144
489 4226 662 4294 Ravennae
697 4249 770 4291 cum
793 4227 913 4292 ceteris
936 4227 1072 4294 exhibet
1092 4218 1209 4317 ὅφαοε,
1232 4229 1380 4294 Venetus
