3112 5062
870 393 893 459 4

331 603 404 657 νσς,·
434 573 483 656 εἷς
514 571 676 644 εἰτέὶειαν
706 580 777 665 χηνὶ
809 576 1075 664 συγγεγραμμένῳ
1106 615 1165 654 -,
1190 596 1305 640 verum
1330 573 1431 639 etiam

328 715 387 772 μαι
419 699 456 754 nt
488 689 626 753 addatur
655 689 695 752 ab
723 688 954 776 Aristophanis
987 685 1116 752 dicendi
1148 660 1207 750 usti
1236 686 1325 772 clara
1346 705 1430 750 voce

328 798 492 885 poscitum
527 797 649 880 videas,
682 819 813 882 quaeso,
843 797 965 862 similes
990 797 1079 862 locos
1104 798 1181 863 hos:
1204 795 1265 882 Eq.
1289 795 1349 860 184
1372 796 1431 877 ξε-

328 907 464 973 νειδέναι
486 905 519 970 τί
550 931 624 989 μοι
656 907 798 985 δοκεῖς
820 910 928 992 occec*
953 901 1062 992 καλόν,
1085 905 1171 972 Nub.
1196 905 1276 971 1276
1298 900 1357 970 τὸν
1376 903 1431 990 ἔγ·

327 1016 470 1106 κέααιῖσν
491 1011 605 1100 ὥσπερ
629 1017 804 1083 σεσεῖσθαί
819 1043 877 1101 μοι
899 1018 1049 1100 δοκεῖς,
1073 1018 1429 1106 Vesp.l405‹1w‹p90-

326 1131 394 1192 νεῖν
414 1117 454 1191 ἂν
472 1151 545 1210 μοι
569 1127 726 1204 δοκεῖς,
752 1127 816 1192 Αν.
841 1128 904 1192 935
935 1123 1067 1205 πάντας
1088 1126 1125 1193 δέ
1145 1152 1218 1211 μοι
1239 1130 1338 1214 ῥιγῶν
1358 1129 1428 1193 (io-
1532 1169 1534 1174 ·

325 1241 427 1317 κιῖς,
451 1237 493 1300 ib.
520 1237 600 1300 1370
622 1223 659 1301 εὖ
689 1236 725 1321 γε’
744 1261 814 1319 μοι
839 1237 983 1314 δοκεῖς
1015 1235 1133 1321 λέγειν,
1160 1237 1201 1300 ib.
1223 1236 1303 1300 1674
1322 1236 1419 1302 δίκαι’

326 1341 418 1428 ε”μαι
437 1369 480 1430 γε
500 1345 553 1409 ναὶ
574 1340 673 1410 πάλιν
692 1346 835 1422 δοκεῖς
856 1344 966 1430 λέγειν,
990 1345 1121 1412 Thesm.
1137 1345 1199 1410 622
1222 1345 1333 1432 ληρεῖν
1353 1371 1425 1429 μοι

324 1454 476 1532 δοκεῖς,
499 1455 579 1520 Ran.
604 1455 686 1519 1220
707 1450 852 1542 ὑφέσθαι
874 1479 946 1538 μαι
969 1455 1139 1533 δοκεῖς,
1168 1454 1258 1521 Eccl.
1281 1455 1343 1520 920
1364 1456 1425 1520 ὀσ-

324 1567 419 1640 κεῖς
440 1562 476 1626 δέ
500 1587 572 1644 μσι
595 1563 649 1628 καὶ
669 1557 796 1647 αἱμβὸα
818 1564 886 1628 κτλ.
929 1564 1015 1629 Plut.
1029 1565 1092 1628 364
1111 1555 1203 1629 cisen
1224 1560 1271 1647 μὰ
1285 1560 1344 1651 τὴν
1361 1559 1426 1650 Δή-

322 1673 417 1758 μητρ’
441 1668 594 1757 έγισίνιιν
612 1697 681 1756 μοι
701 1674 846 1751 ὀσκεῖς
869 1676 912 1738 cf.
928 1673 1019 1756 1060,
1041 1673 1129 1752 1066,
1153 1673 1196 1738 ib.
1211 1673 1274 1737 422
1296 1660 1324 1736 ὦ
1343 1677 1426 1758 γραῦ

322 1777 439 1864 μαινὰς
461 1771 546 1846 εἶναι’
566 1805 640 1864 μαι
665 1782 808 1859 δοκεῖς
828 1781 860 1865 “).
895 1781 987 1863 Quae
1012 1781 1144 1845 cumita
1164 1781 1240 1864 sint,
1265 1783 1327 1848 hoc
1349 1783 1425 1848 loco

324 1891 463 1956 dubinri
488 1891 611 1976 nequit,
637 1891 714 1978 quin
738 1891 839 1956 ceteri
856 1891 984 1956 codices
998 1913 1109 1956 verum
1130 1891 1343 1975 servaverint,
1361 1893 1425 1958 Ra-

322 2020 445 2064 vennae
467 2009 500 2063 et
525 1999 673 2063 Venetus
696 2000 860 2064 communi
883 1999 962 2063 vitio
988 1999 1136 2065 laborent
1155 2021 1259 2084 eoque
1280 1998 1424 2086 duplici;

324 2106 382 2172 scd
406 2107 468 2172 hoc
491 2107 561 2173 solo
587 2108 660 2172 loco
681 2108 737 2172 vix
762 2107 938 2173 convinces
972 2109 1111 2173 eundem
1151 2109 1321 2193 utriusque
1354 2110 1425 2174 fon-

323 2227 389 2280 tem
413 2215 523 2281 fuisse.

423 2327 470 2393 At
494 2327 652 2414 suspicari
688 2327 763 2391 licet
786 2327 1009 2392 Hermannum
1036 2349 1101 2392 non
1130 2336 1195 2390 tam
1218 2326 1259 2391 ad
1282 2326 1419 2412 Equites

324 2459 419 2524 quam
443 2436 482 2500 ad
505 2436 660 2520 Nubes,
684 2459 779 2524 quam
810 2435 970 2500 edendam
995 2435 1054 2500 sibi
1083 2444 1273 2521 sumpserat,
1306 2457 1418 2522 respe-

322 2544 423 2609 xisse.
468 2545 577 2628 Atque
611 2544 643 2608 in
678 2545 738 2609 hac
759 2544 868 2609 fabula
898 2543 1065 2610 manifesta
1098 2544 1277 2608 communis
1300 2545 1416 2610 horum

323 2651 473 2717 codicum
504 2653 642 2738 originis
669 2654 778 2719 insunt
799 2653 947 2738 vestigia.
990 2652 1107 2738 Neque
1131 2653 1218 2718 cnim
1245 2654 1352 2718 solnm
1375 2653 1419 2716 lc-

321 2762 413 2826 viora
434 2762 515 2826 vitia
534 2761 716 2828 communia
735 2762 855 2827 habent
877 2762 977 2826 haec:
997 2785 1027 2827 v.
1049 2762 1090 2826 92
1106 2761 1259 2848 θνρέδισν
1280 2785 1339 2850 pro
1354 2757 1419 2827 θύ-

323 2893 405 2956 ρισν,
428 2893 456 2936 v.
472 2870 534 2934 243
558 2866 693 2954 ἔτρεψεν
712 2893 771 2958 pro
801 2868 990 2955 ἐπέτριψεν,
1014 2894 1043 2935 v.
1059 2869 1120 2934 267
1141 2865 1242 2957 μήπω
1259 2895 1294 2957 γε
1314 2865 1416 2956 μήπω

323 3001 357 3064 γε
382 3000 441 3066 pro
463 2973 564 3064 μήπω
586 2973 687 3064 μήπω
711 3001 755 3064 γε,
781 3002 812 3060 ν.
824 2979 886 3042 800
911 2977 943 3056 ἐς
964 2965 1071 3060 χθόνα
1092 3001 1152 3065 pro
1172 2975 1287 3062 χθόνα,
1310 3004 1341 3044 v.
1355 2979 1417 3044 307

319 3080 491 3170 νῑρόδσμσι
521 3109 579 3172 pro
613 3081 844 3171 insignem.
865 3088 926 3152 744
947 3081 1050 3153 πάλαι
1082 3112 1141 3176 pro
1170 3085 1277 3169 πάλιν,
1302 3112 1332 3155 v.
1356 3089 1417 3156 807

322 3190 423 3278 μόνας
443 3216 501 3282 pro
523 3189 637 3278 μόνας,
663 3219 693 3261 v.
716 3195 777 3260 868
800 3194 887 3262 ἐστιν
909 3219 968 3282 pro
992 3195 1056 3262 ἐστ’
1086 3195 1149 3281 ἔτ’,
1181 3222 1211 3264 v.
1234 3199 1297 3264 960
1318 3190 1419 3264 αὐτοῦ
1521 3208 1525 3218 ’

319 3325 382 3392 pro
413 3307 555 3388 σαυτοῦ,
580 3328 611 3371 v.
634 3305 696 3370 944
718 3299 809 3391 Ιπαραί
836 3327 896 3392 pro
924 3304 1022 3390 περί,
1046 3330 1076 3371 v.
1099 3307 1181 3372 1002
1205 3301 1244 3374 οὐ
1266 3333 1326 3397 pro
1347 3295 1415 3392 οὖν,

318 3437 350 3480 v.
376 3413 454 3476 1081
478 3438 514 3479 τε
537 3403 595 3501 pre
619 3413 689 3479 ἐστι’
699 3465 708 3498 ,
730 3438 762 3479 v.
786 3415 867 3478 1124
888 3410 981 3501 ἡνίκα
1002 3412 1061 3502 γὰρ
1084 3439 1143 3503 pro
1175 3412 1255 3505 ἡνίκ’
1285 3409 1325 3484 ἅν
1344 3415 1417 3506 γὰρ,

318 3545 347 3588 v.
371 3521 452 3587 1282
481 3515 575 3587 σι’·ὄέν
604 3545 663 3610 pro
694 3514 787 3601 οὐδέ,
812 3545 841 3587 v.
866 3524 946 3588 1409
970 3521 1153 3612 έτύνττησας
1175 3550 1233 3614 pro
1263 3525 1418 3616 ἔτυπτες,

317 3653 433 3696 verum
451 3631 547 3696 etiam
564 3631 724 3716 graviora.
738 3653 768 3696 v,
783 3631 864 3697 1198
881 3633 966 3696 enim
986 3655 1051 3700 non
1071 3657 1236 3720 assequor,
1252 3639 1416 3723 quomodo

418 3891 443 3956 1)
464 3887 495 3941 In
514 3889 656 3944 codicibus
676 3891 782 3961 legitur
801 3889 836 3946 σὺ
854 3893 879 3946 δ’
898 3893 922 3947 εἲ
938 3899 978 3954 τίς
985 3919 993 3961 ;
1013 3892 1103 3968 ὠχρὰ
1121 3895 1268 3970 μὲνγὰρ
1288 3899 1360 3954 εἶναί
1366 3921 1417 3972 μοι

316 3983 418 4042 δοκεῖς.
438 3985 472 4037 Α.
492 3986 532 4040 de
551 3986 678 4042 Velsen
707 3989 809 4058 (Symb.
837 3991 933 4060 philol.
950 3991 1039 4046 Bonn.
1069 4013 1095 4063 p.
1112 3996 1176 4061 413)
1197 3997 1416 4066 Aristophanem

319 4076 395 4151 ὠχρὰ
414 4079 542 4153 μαινὰς
559 4084 630 4138 εἶναί
638 4106 685 4157 μοι
705 4087 796 4145 δοκεῖς
816 4088 960 4156 scripsisse
980 4089 1136 4159 suspicatus
1157 4095 1213 4160 εει,
1231 4092 1261 4145 in
1281 4110 1335 4162 qua
1356 4093 1413 4146 ele—

316 4176 481 4246 gantissima
494 4180 654 4235 coniectura
672 4199 757 4235 unum
776 4183 907 4252 displicet
926 4182 1001 4257 ὠχρὰ
1011 4187 1181 4242 adiectivum
1198 4190 1234 4243 ad
1243 4187 1346 4261 μαινὰς
1364 4190 1414 4243 sd-

316 4273 429 4330 iectum.
468 4275 535 4331 Inde
555 4295 587 4332 ea
608 4278 748 4348 scriptura
770 4283 837 4334 nete
854 4285 905 4350 est,
923 4299 1007 4352 quam
1024 4301 1109 4353 supra
1126 4285 1229 4354 recepi.
