3112 5062
842 358 884 426 22

406 544 468 610 Illa
489 568 603 612 versus
625 568 703 612 vero
725 570 801 612 oum
823 547 879 628 eis,
903 547 956 633 qui
979 545 1125 631 Reisigio
1150 554 1320 630 tantopere
1344 543 1407 608 dis·

309 656 506 744 plicuerunt,
538 657 572 722 id
594 680 767 724 commune
799 659 897 724 habet
921 656 1008 744 quod
1033 678 1147 722 versus
1178 663 1253 740 post
1276 654 1406 720 tertiam

309 764 397 830 arsin
419 765 514 832 incisi
543 767 670 852 reliqua
698 789 774 854 pars
806 788 849 832 ex
874 787 1001 854 paeone
1025 773 1138 853 quarto
1169 773 1210 845 ot,
1243 762 1297 850 qui
1321 764 1409 827 hune

308 874 445 961 exeipit,
471 875 591 942 cretico
615 876 773 942 consistit.
795 875 892 940 Tales
914 875 1014 960 igitur
1037 895 1151 940 versus
1175 895 1252 939 num
1276 872 1408 940 Ariste-

310 986 434 1073 phanes
458 983 635 1066 admiserit,
661 983 850 1070 diligentius
873 983 1094 1068 quaerendum
1120 1004 1192 1048 esse
1214 980 1355 1046 videtur.

408 1103 461 1168 Ae
485 1101 549 1166 duo
571 1101 665 1166 huius
686 1102 830 1188 generis,
843 1121 925 1185 quae
952 1100 1084 1188 quidem
1106 1100 1193 1186 apud
1206 1098 1407 1164 lloinekium

307 1219 430 1294 extant,
452 1210 605 1297 exempla
620 1210 733 1296 ntique
747 1208 949 1275 emendanda
964 1219 1039 1272 sunt
1054 1208 1154 1296 Vespt
1167 1207 1247 1274 1223
1267 1198 1406 1293 ίίληθεςς

308 1315 354 1399 ὥς
376 1313 444 1387 oaid'
468 1317 504 1386 si
526 1318 743 1402 Διακρίων
764 1316 930 1400 δέξεται
954 1327 986 1380 et
1008 1317 1089 1384 Ran.
1112 1317 1151 1382 51
1175 1307 1243 1382 ἀλλ’
1268 1308 1402 1402 ἅνδρίις,·

312 1465 351 1478 -
374 1420 545 1495 ἀππαπαῖ.
571 1465 608 1476 -
633 1426 858 1512 ξυνεγένου
883 1424 1153 1494 Κλεισθένει.

413 1539 529 1604 Priore
551 1540 622 1604 loeo
644 1538 816 1604 Ravennae
849 1546 882 1600 et
903 1536 1049 1602 Venetus
1082 1533 1322 1600 eonsentientes
1344 1543 1406 1598 tra·

303 1640 409 1714 'duola
1019 1710 1021 1714 .

433 1745 573 1841 ὂίληθεςς
596 1750 642 1832 ὡς
663 1747 771 1832 οὐδείς
794 1777 829 1839 ys
851 1752 1015 1838 Διακρίων
1041 1750 1214 1834 δεδέξεται.

313 1881 414 1948 Hune
434 1903 566 1946 versum
591 1880 656 1945 levi
680 1879 786 1944 ultimi
807 1879 898 1944 verbi
919 1879 1038 1946 mendo
1061 1887 1228 1944 correcto:

434 1996 575 2093 ίίληθες,·
599 2000 644 2084 ὦς
667 2003 776 2082 οὐδείς
796 2027 831 2089 ys
856 2003 1021 2086 Διακρίων
1042 2003 1168 2086 δέξεται

311 2130 456 2196 nondum
479 2139 684 2216 personatum
708 2152 778 2197 esse
798 2153 840 2196 ex
861 2131 919 2214 eis,
942 2153 1025 2216 quae
1039 2155 1138 2218 supra
1161 2131 1203 2195 de
1218 2131 1406 2218 proceleus-

309 2239 425 2306 matico
457 2241 605 2327 exposita
637 2249 720 2323 sunt,
753 2251 899 2328 apparet.
943 2239 1012 2305 Sed
1038 2262 1080 2305 ne
1101 2263 1136 2325 ys
1166 2238 1299 2325 quidem
1330 2242 1407 2304 sub-

309 2351 375 2415 lato
398 2349 582 2415 ea'ratione
608 2350 695 2414 hune
715 2371 847 2414 versum
879 2350 1114 2434 emendaveris,
1138 2371 1219 2437 quae
1244 2348 1327 2414 nihil
1348 2349 1405 2414 du-

311 2459 477 2526 bitationis
513 2459 630 2524 habeat
660 2458 762 2541 (unde
792 2459 879 2523 enim
902 2481 937 2544 γε
969 2457 1139 2544 irrepsisse
1175 2457 1305 2541 dieesl)
1344 2479 1407 2522 nee

308 2590 436 2638 omnem
470 2563 695 2632 difficultatem
719 2567 907 2634 removeris.
951 2566 1039 2649 Quid
1070 2567 1183 2632 enim?
1212 2589 1320 2632 nonne
1348 2591 1407 2632 ex-

307 2686 433 2766 spectas
461 2677 705 2743 Philocleonem
730 2677 893 2742 dicturum
917 2677 1037 2742 fuisse:
1059 2667 1204 2763 ἷίληθες,·
1230 2672 1275 2755 ὥς
1297 2669 1408 2754 οίδείς

307 2811 343 2873 ys
366 2785 530 2870 Διακρίων
549 2785 748 2870 δέξομαιί
768 2787 830 2850 hoe
852 2785 937 2850 enim
963 2786 1084 2872 quippe
1108 2785 1195 2872 qued
1218 2785 1407 2872 primarium

307 2895 358 2978 sit,
382 2896 408 2960 si
432 2895 520 2986 quid,
543 2895 729 2960 addendum
753 2905 830 2959 erat.
859 2894 928 2959 lam
953 2895 979 2959 si
1001 2906 1111 2959 tecum
1140 2893 1353 2980 reputaveris,
1379 2895 1405 2958 si

294 3006 496 3094 legeretur:

432 3118 557 3214 ἔληθες
570 3156 580 3208 ,·
604 3125 649 3209 ὠς
673 3121 780 3210 οὐδείς
800 3154 835 3216 γε
859 3129 1023 3213 Διακρίων
1045 3157 1105 3196 v—

307 3267 340 3324 et
361 3279 492 3325 versum
527 3257 683 3344 optimum
716 3259 786 3324 fore
811 3281 872 3326 nee
901 3259 1074 3346 quiequam
1107 3258 1328 3324 desideratum
1353 3259 1403 3340 iri,
1429 3309 1440 3322 .

307 3366 372 3432 imo
395 3367 643 3454 responsionem
670 3377 735 3432 tam
761 3368 891 3456 plenam
916 3392 1012 3455 quam
1041 3369 1185 3434 strictam
1207 3371 1400 3436 exstituram

310 3496 394 3558 esse,
415 3474 541 3556 δέξεται
560 3498 638 3542 vero
663 3479 801 3546 verbum
826 3487 858 3542 et
879 3499 1009 3542 versum
1033 3477 1203 3544 destruere
1228 3487 1261 3543 et
1283 3500 1342 3566 per
1367 3501 1402 3544 se

307 3585 479 3652 molestum
513 3606 602 3668 esse,
638 3586 664 3649 si
699 3586 818 3656 deinde
855 3586 1145 3668 animadverteris,
1181 3611 1275 3678 quam
1309 3588 1404 3652 facile

306 3693 368 3758 hoe
390 3695 525 3758 verbum
548 3693 769 3759 orationisvel
784 3694 1000 3781 explicandae
1022 3695 1076 3762 vel
1099 3695 1282 3782 explendae
1306 3721 1406 3762 eausa

306 3826 325 3866 a
348 3802 437 3872 male
455 3803 571 3874 sedula
588 3827 684 3870 manu
706 3803 782 3871 addi
810 3805 961 3890 potuerit,
984 3827 1049 3870 non
1071 3805 1197 3897 poteris
1219 3805 1297 3890 quin
1323 3805 1402 3869 mihi

307 3911 484 3996 concedas,
514 3913 693 3978 rectissime
726 3923 758 3980 et
785 3914 955 3980 verissime
979 3914 1219 3980 Dobraeum
1243 3913 1406 3996 ὁεδίξιιαι

306 4030 342 4086 ut
365 4022 510 4107 glossam
532 4022 723 4108 explosisse.
756 4023 827 4090 Nee
850 4023 1021 4112 quicquam
1043 4034 1151 4112 potest
1174 4046 1246 4090 esse
1272 4025 1404 4107 eortius,

309 4152 404 4216 quam
428 4130 524 4196 huius
547 4130 650 4196 omnis
676 4132 742 4197 looi
764 4133 848 4198 hane
873 4155 943 4198 esse
967 4134 1147 4217 rationem,
1165 4143 1201 4199 ut
1221 4134 1404 4220 Bdelyeleo

307 4239 402 4324 filius,
426 4239 479 4326 qui
500 4241 707 4325 antecedunt,
733 4241 891 4325 versibus,
914 4243 967 4327 qui
992 4243 1184 4310 nobilissimi
1207 4244 1268 4308 viri
1282 4245 1316 4307 in
1331 4264 1405 4307 eon·
