<?xml version="1.0" encoding="UTF-8"?>
<!DOCTYPE html PUBLIC "-//W3C//DTD XHTML 1.0 Transitional//EN"
    "http://www.w3.org/TR/xhtml1/DTD/xhtml1-transitional.dtd">
<html xmlns="http://www.w3.org/1999/xhtml" xml:lang="en" lang="en">
 <head>
  <title>
</title>
<meta http-equiv="Content-Type" content="text/html;charset=utf-8" />
  <meta name='ocr-system' content='tesseract 3.04.00' />
  <meta name='ocr-capabilities' content='ocr_page ocr_carea ocr_par ocr_line ocrx_word'/>
</head>
<body>
  <div class='ocr_page' id='page_1' title='image "./deravennateetve01bambgoog_0041.png"; bbox 0 0 3112 5062; ppageno 0'>
   <div class='ocr_carea' id='block_1_1' title="bbox 814 349 855 414">
    <p class='ocr_par' dir='ltr' id='par_1_1' title="bbox 814 349 855 414">
     <span class='ocr_line' id='line_1_1' title="bbox 814 349 855 414; baseline 0 -4"><span class='ocrx_word' id='word_1_1' title='bbox 814 349 855 414; x_wconf 80' lang='lat'><strong>32</strong></span> 
     </span>
    </p>
   </div>
   <div class='ocr_carea' id='block_1_2' title="bbox 279 535 1410 4107">
    <p class='ocr_par' dir='ltr' id='par_1_2' title="bbox 279 535 1379 728">
     <span class='ocr_line' id='line_1_2' title="bbox 281 535 1379 622; baseline 0.005 -26"><span class='ocrx_word' id='word_1_2' title='bbox 281 541 457 600; x_wconf 74' lang='lat' dir='ltr'><strong>tomentum</strong></span> <span class='ocrx_word' id='word_1_3' title='bbox 480 535 537 600; x_wconf 88' lang='lat' dir='ltr'><strong>sed</strong></span> <span class='ocrx_word' id='word_1_4' title='bbox 559 544 668 601; x_wconf 85' lang='lat' dir='ltr'><strong>temen</strong></span> <span class='ocrx_word' id='word_1_5' title='bbox 683 535 1008 622; x_wconf 77' lang='lat' dir='ltr'><strong>interpretamentum</strong></span> <span class='ocrx_word' id='word_1_6' title='bbox 1023 558 1094 602; x_wconf 89' lang='lat' dir='ltr'><strong>esse</strong></span> <span class='ocrx_word' id='word_1_7' title='bbox 1117 546 1149 600; x_wconf 90' lang='lat' dir='ltr'><strong>et</strong></span> <span class='ocrx_word' id='word_1_8' title='bbox 1173 536 1235 603; x_wconf 90' lang='lat' dir='ltr'><strong>ioci</strong></span> <span class='ocrx_word' id='word_1_9' title='bbox 1261 537 1379 604; x_wconf 81' lang='lat' dir='ltr'><strong>bonam</strong></span> 
     </span>
     <span class='ocr_line' id='line_1_3' title="bbox 279 642 913 728; baseline 0.003 -22"><span class='ocrx_word' id='word_1_10' title='bbox 279 653 403 728; x_wconf 88' lang='lat' dir='ltr'><strong>partem</strong></span> <span class='ocrx_word' id='word_1_11' title='bbox 427 642 598 708; x_wconf 88' lang='lat' dir='ltr'><strong>destruere</strong></span> <span class='ocrx_word' id='word_1_12' title='bbox 623 643 829 710; x_wconf 87' lang='lat' dir='ltr'><strong>iudicandum</strong></span> <span class='ocrx_word' id='word_1_13' title='bbox 854 655 913 709; x_wconf 91' lang='lat' dir='ltr'><strong>cst.</strong></span> 
     </span>
    </p>

    <p class='ocr_par' dir='ltr' id='par_1_3' title="bbox 279 749 1380 1055">
     <span class='ocr_line' id='line_1_4' title="bbox 380 749 1379 840; baseline 0.004 -26"><span class='ocrx_word' id='word_1_14' title='bbox 380 749 430 816; x_wconf 91' lang='lat' dir='ltr'><strong>Ib.</strong></span> <span class='ocrx_word' id='word_1_15' title='bbox 452 773 482 816; x_wconf 83' lang='lat' dir='ltr'><strong>v.</strong></span> <span class='ocrx_word' id='word_1_16' title='bbox 498 750 559 815; x_wconf 73' lang='lat'><strong>259</strong></span> <span class='ocrx_word' id='word_1_17' title='bbox 584 751 627 818; x_wconf 82' lang='lat' dir='ltr'><strong>G.</strong></span> <span class='ocrx_word' id='word_1_18' title='bbox 650 751 856 817; x_wconf 90' lang='lat' dir='ltr'><strong>Hermannns</strong></span> <span class='ocrx_word' id='word_1_19' title='bbox 880 775 953 816; x_wconf 90' lang='lat' dir='ltr'><strong>cum</strong></span> <span class='ocrx_word' id='word_1_20' title='bbox 977 753 1112 836; x_wconf 78' lang='lat' dir='ltr'><strong>legisset</strong></span> <span class='ocrx_word' id='word_1_21' title='bbox 1133 753 1299 818; x_wconf 88' lang='lat' dir='ltr'><strong>Venetum</strong></span> <span class='ocrx_word' id='word_1_22' title='bbox 1319 775 1379 840; x_wconf 89' lang='lat' dir='ltr'><strong>pro</strong></span> 
     </span>
     <span class='ocr_line' id='line_1_5' title="bbox 279 853 1380 946; baseline 0.004 -24"><span class='ocrx_word' id='word_1_23' title='bbox 279 853 494 942; x_wconf 72' lang='grc' dir='ltr'><strong><em>βόρβορος</em></strong></span> <span class='ocrx_word' id='word_1_24' title='bbox 519 860 676 924; x_wconf 87' lang='lat' dir='ltr'><strong>exhibere</strong></span> <span class='ocrx_word' id='word_1_25' title='bbox 696 856 861 945; x_wconf 79' lang='grc' dir='ltr'><strong><em>βάρβαρος</em></strong></span> <span class='ocrx_word' id='word_1_26' title='bbox 875 861 1021 946; x_wconf 85' lang='lat' dir='ltr'><strong>Bergkio</strong></span> <span class='ocrx_word' id='word_1_27' title='bbox 1045 872 1077 925; x_wconf 90' lang='lat' dir='ltr'><strong>et</strong></span> <span class='ocrx_word' id='word_1_28' title='bbox 1098 861 1263 928; x_wconf 87' lang='lat' dir='ltr'><strong>Meiuekio</strong></span> <span class='ocrx_word' id='word_1_29' title='bbox 1285 862 1380 926; x_wconf 83' lang='lat' dir='ltr'><strong>facile</strong></span> 
     </span>
     <span class='ocr_line' id='line_1_6' title="bbox 280 967 774 1055; baseline 0.008 -24"><span class='ocrx_word' id='word_1_30' title='bbox 280 967 430 1055; x_wconf 86' lang='lat' dir='ltr'><strong>probavit</strong></span> <span class='ocrx_word' id='word_1_31' title='bbox 452 969 661 1034; x_wconf 89' lang='lat' dir='ltr'><strong>scribendum</strong></span> <span class='ocrx_word' id='word_1_32' title='bbox 684 991 774 1036; x_wconf 87' lang='lat' dir='ltr'><strong>esso:</strong></span> 
     </span>
    </p>

    <p class='ocr_par' dir='ltr' id='par_1_4' title="bbox 405 1067 1293 1167">
     <span class='ocr_line' id='line_1_7' title="bbox 405 1067 1293 1167; baseline 0.003 -26"><span class='ocrx_word' id='word_1_33' title='bbox 405 1067 472 1142; x_wconf 72' lang='grc' dir='ltr'><strong>ἀλλ’</strong></span> <span class='ocrx_word' id='word_1_34' title='bbox 496 1073 610 1144; x_wconf 81' lang='grc' dir='ltr'><em>οὑτοσί</em></span> <span class='ocrx_word' id='word_1_35' title='bbox 631 1103 689 1162; x_wconf 81' lang='grc' dir='ltr'><strong>μοι</strong></span> <span class='ocrx_word' id='word_1_36' title='bbox 710 1073 929 1163; x_wconf 81' lang='grc' dir='ltr'><strong><em>μάρμαρος</em></strong></span> <span class='ocrx_word' id='word_1_37' title='bbox 950 1078 1097 1167; x_wconf 82' lang='grc' dir='ltr'><strong><em>φαίνεται</em></strong></span> <span class='ocrx_word' id='word_1_38' title='bbox 1123 1083 1293 1158; x_wconf 76' lang='grc' dir='ltr'><strong><em>πατοῦντι,</em></strong></span> 
     </span>
    </p>

    <p class='ocr_par' dir='ltr' id='par_1_5' title="bbox 281 1185 1410 4107">
     <span class='ocr_line' id='line_1_8' title="bbox 382 1185 1379 1276; baseline 0.002 -24"><span class='ocrx_word' id='word_1_39' title='bbox 382 1185 538 1252; x_wconf 85' lang='lat' dir='ltr'><strong>Richtero</strong></span> <span class='ocrx_word' id='word_1_40' title='bbox 562 1211 627 1252; x_wconf 92' lang='lat' dir='ltr'><strong>non</strong></span> <span class='ocrx_word' id='word_1_41' title='bbox 652 1188 741 1269; x_wconf 90' lang='lat' dir='ltr'><strong>item,</strong></span> <span class='ocrx_word' id='word_1_42' title='bbox 765 1211 861 1273; x_wconf 89' lang='lat' dir='ltr'><strong>quem</strong></span> <span class='ocrx_word' id='word_1_43' title='bbox 879 1197 986 1253; x_wconf 84' lang='lat' dir='ltr'><strong>tamen</strong></span> <span class='ocrx_word' id='word_1_44' title='bbox 1008 1212 1073 1254; x_wconf 92' lang='lat' dir='ltr'><strong>non</strong></span> <span class='ocrx_word' id='word_1_45' title='bbox 1095 1189 1173 1254; x_wconf 82' lang='lat' dir='ltr'><strong>sctis</strong></span> <span class='ocrx_word' id='word_1_46' title='bbox 1192 1189 1252 1254; x_wconf 86' lang='lat' dir='ltr'>sibi</span> <span class='ocrx_word' id='word_1_47' title='bbox 1267 1209 1379 1276; x_wconf 89' lang='lat' dir='ltr'><strong>parem</strong></span> 
     </span>
     <span class='ocr_line' id='line_1_9' title="bbox 281 1293 1378 1381; baseline 0.002 -23"><span class='ocrx_word' id='word_1_48' title='bbox 281 1294 392 1360; x_wconf 88' lang='lat' dir='ltr'><strong>habuit</strong></span> <span class='ocrx_word' id='word_1_49' title='bbox 423 1293 654 1362; x_wconf 88' lang='lat' dir='ltr'><strong>adversarium.</strong></span> <span class='ocrx_word' id='word_1_50' title='bbox 701 1295 878 1360; x_wconf 86' lang='lat' dir='ltr'><strong>Videamus</strong></span> <span class='ocrx_word' id='word_1_51' title='bbox 904 1295 980 1381; x_wconf 92' lang='lat' dir='ltr'><strong>quid</strong></span> <span class='ocrx_word' id='word_1_52' title='bbox 1011 1295 1137 1360; x_wconf 90' lang='lat' dir='ltr'><strong>dehac</strong></span> <span class='ocrx_word' id='word_1_53' title='bbox 1169 1318 1204 1360; x_wconf 87' lang='lat' dir='ltr'><strong>re</strong></span> <span class='ocrx_word' id='word_1_54' title='bbox 1235 1294 1378 1360; x_wconf 87' lang='lat' dir='ltr'><strong>indicun-</strong></span> 
     </span>
     <span class='ocr_line' id='line_1_10' title="bbox 283 1403 1379 1492; baseline -0.001 -23"><span class='ocrx_word' id='word_1_55' title='bbox 283 1404 359 1469; x_wconf 88' lang='lat' dir='ltr'><strong>dum</strong></span> <span class='ocrx_word' id='word_1_56' title='bbox 393 1403 442 1468; x_wconf 90' lang='lat' dir='ltr'><strong>sit.</strong></span> <span class='ocrx_word' id='word_1_57' title='bbox 488 1404 540 1468; x_wconf 91' lang='lat' dir='ltr'><strong>Ac</strong></span> <span class='ocrx_word' id='word_1_58' title='bbox 572 1404 712 1492; x_wconf 87' lang='lat' dir='ltr'><strong>primum</strong></span> <span class='ocrx_word' id='word_1_59' title='bbox 736 1405 867 1490; x_wconf 89' lang='lat' dir='ltr'><strong>quidem</strong></span> <span class='ocrx_word' id='word_1_60' title='bbox 899 1404 1111 1470; x_wconf 87' lang='lat' dir='ltr'><strong>Hermannus</strong></span> <span class='ocrx_word' id='word_1_61' title='bbox 1125 1405 1150 1488; x_wconf 84' lang='lat'><strong>¹)</strong></span> <span class='ocrx_word' id='word_1_62' title='bbox 1182 1403 1379 1468; x_wconf 88' lang='lat' dir='ltr'><strong>haecdicit:</strong></span> 
     </span>
     <span class='ocr_line' id='line_1_11' title="bbox 282 1507 1378 1601; baseline -0.001 -23"><span class='ocrx_word' id='word_1_63' title='bbox 282 1512 491 1597; x_wconf 82' lang='lat' dir='ltr'><strong>,Legebatur</strong></span> <span class='ocrx_word' id='word_1_64' title='bbox 513 1507 686 1597; x_wconf 82' lang='grc' dir='ltr'><strong><em>βόρβορος.</em></strong></span> <span class='ocrx_word' id='word_1_65' title='bbox 732 1515 779 1578; x_wconf 89' lang='lat' dir='ltr'><strong>At</strong></span> <span class='ocrx_word' id='word_1_66' title='bbox 802 1515 964 1601; x_wconf 89' lang='lat' dir='ltr'><strong>quomodo</strong></span> <span class='ocrx_word' id='word_1_67' title='bbox 997 1515 1051 1580; x_wconf 94' lang='lat' dir='ltr'><strong>hic</strong></span> <span class='ocrx_word' id='word_1_68' title='bbox 1081 1529 1182 1581; x_wconf 81' lang='lat' dir='ltr'><strong>senex</strong></span> <span class='ocrx_word' id='word_1_69' title='bbox 1215 1515 1320 1578; x_wconf 89' lang='lat' dir='ltr'><strong>altero</strong></span> <span class='ocrx_word' id='word_1_70' title='bbox 1342 1524 1378 1578; x_wconf 88' lang='lat' dir='ltr'><strong>ut</strong></span> 
     </span>
     <span class='ocr_line' id='line_1_12' title="bbox 282 1613 1377 1711; baseline 0.003 -28"><span class='ocrx_word' id='word_1_71' title='bbox 282 1621 387 1686; x_wconf 88' lang='lat' dir='ltr'><strong>lutum</strong></span> <span class='ocrx_word' id='word_1_72' title='bbox 409 1621 546 1686; x_wconf 87' lang='lat' dir='ltr'><strong>evitaret</strong></span> <span class='ocrx_word' id='word_1_73' title='bbox 569 1623 690 1687; x_wconf 90' lang='lat' dir='ltr'><strong>munito</strong></span> <span class='ocrx_word' id='word_1_74' title='bbox 709 1613 790 1686; x_wconf 72' lang='grc' dir='ltr'><strong>ἀλλὰ</strong></span> <span class='ocrx_word' id='word_1_75' title='bbox 812 1623 923 1688; x_wconf 89' lang='lat' dir='ltr'><strong>dicere</strong></span> <span class='ocrx_word' id='word_1_76' title='bbox 937 1623 1070 1711; x_wconf 76' lang='lat' dir='ltr'><strong>potest?</strong></span> <span class='ocrx_word' id='word_1_77' title='bbox 1094 1621 1268 1708; x_wconf 88' lang='lat' dir='ltr'><strong>quomode,</strong></span> <span class='ocrx_word' id='word_1_78' title='bbox 1291 1622 1377 1706; x_wconf 93' lang='lat' dir='ltr'><strong>quod</strong></span> 
     </span>
     <span class='ocr_line' id='line_1_13' title="bbox 282 1730 1378 1817; baseline 0.002 -25"><span class='ocrx_word' id='word_1_79' title='bbox 282 1730 415 1814; x_wconf 77' lang='lat' dir='ltr'><strong>gnavius</strong></span> <span class='ocrx_word' id='word_1_80' title='bbox 443 1741 502 1814; x_wconf 89' lang='lat' dir='ltr'><strong>est,</strong></span> <span class='ocrx_word' id='word_1_81' title='bbox 536 1732 561 1796; x_wconf 91' lang='lat' dir='ltr'><strong>si</strong></span> <span class='ocrx_word' id='word_1_82' title='bbox 593 1741 626 1796; x_wconf 89' lang='lat' dir='ltr'><strong>et</strong></span> <span class='ocrx_word' id='word_1_83' title='bbox 659 1731 788 1817; x_wconf 91' lang='lat' dir='ltr'><strong>ipsese</strong></span> <span class='ocrx_word' id='word_1_84' title='bbox 820 1733 853 1796; x_wconf 91' lang='lat' dir='ltr'><strong>iu</strong></span> <span class='ocrx_word' id='word_1_85' title='bbox 887 1733 954 1796; x_wconf 90' lang='lat' dir='ltr'><strong>luto</strong></span> <span class='ocrx_word' id='word_1_86' title='bbox 985 1733 1140 1798; x_wconf 82' lang='lat' dir='ltr'><strong>incedere</strong></span> <span class='ocrx_word' id='word_1_87' title='bbox 1173 1732 1281 1815; x_wconf 85' lang='lat' dir='ltr'><strong>sentit,</strong></span> <span class='ocrx_word' id='word_1_88' title='bbox 1313 1753 1378 1796; x_wconf 91' lang='lat' dir='ltr'><strong>uon</strong></span> 
     </span>
     <span class='ocr_line' id='line_1_14' title="bbox 282 1839 1379 1928; baseline 0.001 -23"><span class='ocrx_word' id='word_1_89' title='bbox 282 1839 406 1928; x_wconf 83' lang='lat' dir='ltr'><strong>pluisse</strong></span> <span class='ocrx_word' id='word_1_90' title='bbox 441 1840 548 1928; x_wconf 91' lang='lat' dir='ltr'><strong>potius</strong></span> <span class='ocrx_word' id='word_1_91' title='bbox 582 1865 675 1928; x_wconf 67' lang='lat' dir='ltr'><strong>‹puam</strong></span> <span class='ocrx_word' id='word_1_92' title='bbox 712 1841 796 1906; x_wconf 86' lang='lat' dir='ltr'><strong>intre</strong></span> <span class='ocrx_word' id='word_1_93' title='bbox 828 1851 978 1926; x_wconf 75' lang='lat' dir='ltr'><strong>quartum</strong></span> <span class='ocrx_word' id='word_1_94' title='bbox 1011 1842 1097 1906; x_wconf 88' lang='lat' dir='ltr'><strong>diem</strong></span> <span class='ocrx_word' id='word_1_95' title='bbox 1131 1844 1273 1906; x_wconf 86' lang='lat' dir='ltr'><strong>futuram</strong></span> <span class='ocrx_word' id='word_1_96' title='bbox 1309 1864 1379 1906; x_wconf 89' lang='lat' dir='ltr'><strong>esse</strong></span> 
     </span>
     <span class='ocr_line' id='line_1_15' title="bbox 282 1937 1378 2039; baseline 0 -25"><span class='ocrx_word' id='word_1_97' title='bbox 282 1949 424 2039; x_wconf 83' lang='lat' dir='ltr'><strong>pluviam</strong></span> <span class='ocrx_word' id='word_1_98' title='bbox 442 1949 576 2014; x_wconf 78' lang='lat' dir='ltr'><strong>dicore?</strong></span> <span class='ocrx_word' id='word_1_99' title='bbox 606 1952 710 2016; x_wconf 92' lang='lat' dir='ltr'><strong>Immo</strong></span> <span class='ocrx_word' id='word_1_100' title='bbox 733 1951 848 2015; x_wconf 90' lang='lat' dir='ltr'><strong>durum</strong></span> <span class='ocrx_word' id='word_1_101' title='bbox 872 1951 932 2016; x_wconf 92' lang='lat' dir='ltr'><strong>sibi</strong></span> <span class='ocrx_word' id='word_1_102' title='bbox 955 1960 1051 2036; x_wconf 86' lang='lat' dir='ltr'><strong>atque</strong></span> <span class='ocrx_word' id='word_1_103' title='bbox 1068 1937 1252 2016; x_wconf 67' lang='lat' dir='ltr'><strong>arefactum</strong></span> <span class='ocrx_word' id='word_1_104' title='bbox 1275 1950 1378 2015; x_wconf 89' lang='lat' dir='ltr'><strong>solum</strong></span> 
     </span>
     <span class='ocr_line' id='line_1_16' title="bbox 282 2059 1377 2145; baseline 0.002 -23"><span class='ocrx_word' id='word_1_105' title='bbox 282 2059 387 2126; x_wconf 88' lang='lat' dir='ltr'><strong>videri</strong></span> <span class='ocrx_word' id='word_1_106' title='bbox 410 2059 497 2124; x_wconf 84' lang='lat' dir='ltr'><strong>dicat</strong></span> <span class='ocrx_word' id='word_1_107' title='bbox 516 2081 648 2124; x_wconf 90' lang='lat' dir='ltr'><strong>neeesse</strong></span> <span class='ocrx_word' id='word_1_108' title='bbox 670 2061 749 2126; x_wconf 86' lang='lat' dir='ltr'><strong>est.“</strong></span> <span class='ocrx_word' id='word_1_109' title='bbox 774 2060 872 2143; x_wconf 82' lang='lat' dir='ltr'><strong>Quod</strong></span> <span class='ocrx_word' id='word_1_110' title='bbox 894 2062 991 2126; x_wconf 89' lang='lat' dir='ltr'><strong>humo</strong></span> <span class='ocrx_word' id='word_1_111' title='bbox 1008 2060 1214 2126; x_wconf 87' lang='lat' dir='ltr'><strong>doctissimus</strong></span> <span class='ocrx_word' id='word_1_112' title='bbox 1236 2059 1377 2145; x_wconf 90' lang='lat' dir='ltr'><strong>primum</strong></span> 
     </span>
     <span class='ocr_line' id='line_1_17' title="bbox 285 2160 1376 2256; baseline 0 -22"><span class='ocrx_word' id='word_1_113' title='bbox 285 2170 327 2234; x_wconf 90' lang='lat' dir='ltr'><strong>de</strong></span> <span class='ocrx_word' id='word_1_114' title='bbox 347 2160 428 2234; x_wconf 74' lang='grc' dir='ltr'><em>ἀλλὰ</em></span> <span class='ocrx_word' id='word_1_115' title='bbox 452 2168 540 2248; x_wconf 89' lang='lat' dir='ltr'><strong>dicit,</strong></span> <span class='ocrx_word' id='word_1_116' title='bbox 567 2192 640 2233; x_wconf 88' lang='lat' dir='ltr'><strong>cum</strong></span> <span class='ocrx_word' id='word_1_117' title='bbox 673 2192 709 2234; x_wconf 82' lang='lat' dir='ltr'><strong>ea</strong></span> <span class='ocrx_word' id='word_1_118' title='bbox 743 2170 869 2236; x_wconf 83' lang='lat' dir='ltr'><strong>ratione</strong></span> <span class='ocrx_word' id='word_1_119' title='bbox 894 2171 1062 2248; x_wconf 83' lang='lat' dir='ltr'><strong>cohaeret,</strong></span> <span class='ocrx_word' id='word_1_120' title='bbox 1097 2193 1159 2256; x_wconf 84' lang='lat' dir='ltr'><strong>qua</strong></span> <span class='ocrx_word' id='word_1_121' title='bbox 1181 2169 1240 2233; x_wconf 92' lang='lat' dir='ltr'><strong>hos</strong></span> <span class='ocrx_word' id='word_1_122' title='bbox 1262 2191 1376 2234; x_wconf 85' lang='lat' dir='ltr'><strong>versus</strong></span> 
     </span>
     <span class='ocr_line' id='line_1_18' title="bbox 283 2279 1376 2364; baseline -0.002 -20"><span class='ocrx_word' id='word_1_123' title='bbox 283 2300 395 2344; x_wconf 89' lang='lat' dir='ltr'><strong>omues</strong></span> <span class='ocrx_word' id='word_1_124' title='bbox 419 2279 505 2344; x_wconf 87' lang='lat' dir='ltr'><strong>inter</strong></span> <span class='ocrx_word' id='word_1_125' title='bbox 528 2279 618 2344; x_wconf 93' lang='lat' dir='ltr'><strong>chori</strong></span> <span class='ocrx_word' id='word_1_126' title='bbox 645 2301 739 2345; x_wconf 88' lang='lat' dir='ltr'><strong>senes</strong></span> <span class='ocrx_word' id='word_1_127' title='bbox 762 2279 934 2358; x_wconf 80' lang='lat' dir='ltr'><strong>distribuit,</strong></span> <span class='ocrx_word' id='word_1_128' title='bbox 960 2302 1056 2364; x_wconf 90' lang='lat' dir='ltr'><strong>quam</strong></span> <span class='ocrx_word' id='word_1_129' title='bbox 1079 2280 1238 2344; x_wconf 85' lang='lat' dir='ltr'><strong>rationem</strong></span> <span class='ocrx_word' id='word_1_130' title='bbox 1263 2299 1376 2343; x_wconf 89' lang='lat' dir='ltr'><strong>omues</strong></span> 
     </span>
     <span class='ocr_line' id='line_1_19' title="bbox 282 2386 1377 2474; baseline -0.002 -22"><span class='ocrx_word' id='word_1_131' title='bbox 282 2387 424 2452; x_wconf 86' lang='lat' dir='ltr'><strong>editores</strong></span> <span class='ocrx_word' id='word_1_132' title='bbox 451 2387 522 2452; x_wconf 90' lang='lat' dir='ltr'><strong>iure</strong></span> <span class='ocrx_word' id='word_1_133' title='bbox 542 2389 818 2473; x_wconf 85' lang='lat' dir='ltr'><strong>improbaverunt.</strong></span> <span class='ocrx_word' id='word_1_134' title='bbox 864 2387 915 2452; x_wconf 86' lang='lat' dir='ltr'><strong>Ac</strong></span> <span class='ocrx_word' id='word_1_135' title='bbox 937 2388 1035 2452; x_wconf 86' lang='lat' dir='ltr'><strong>facile</strong></span> <span class='ocrx_word' id='word_1_136' title='bbox 1057 2387 1272 2474; x_wconf 85' lang='lat' dir='ltr'><strong>intellegitur,</strong></span> <span class='ocrx_word' id='word_1_137' title='bbox 1297 2386 1377 2472; x_wconf 93' lang='lat' dir='ltr'><strong>quid</strong></span> 
     </span>
     <span class='ocr_line' id='line_1_20' title="bbox 285 2494 1373 2583; baseline -0.001 -24"><span class='ocrx_word' id='word_1_138' title='bbox 285 2497 365 2560; x_wconf 84' lang='lat' dir='ltr'><strong>haec</strong></span> <span class='ocrx_word' id='word_1_139' title='bbox 388 2494 550 2581; x_wconf 83' lang='lat' dir='ltr'><strong>particula</strong></span> <span class='ocrx_word' id='word_1_140' title='bbox 583 2495 617 2558; x_wconf 92' lang='lat' dir='ltr'><strong>iu</strong></span> <span class='ocrx_word' id='word_1_141' title='bbox 651 2495 799 2560; x_wconf 87' lang='lat' dir='ltr'><strong>codicum</strong></span> <span class='ocrx_word' id='word_1_142' title='bbox 823 2496 963 2583; x_wconf 85' lang='lat' dir='ltr'><strong>sriptura</strong></span> <span class='ocrx_word' id='word_1_143' title='bbox 982 2496 1077 2579; x_wconf 80' lang='lat' dir='ltr'><strong>velit3</strong></span> <span class='ocrx_word' id='word_1_144' title='bbox 1106 2505 1143 2560; x_wconf 91' lang='lat' dir='ltr'><strong>ut</strong></span> <span class='ocrx_word' id='word_1_145' title='bbox 1165 2495 1252 2560; x_wconf 87' lang='lat' dir='ltr'><strong>euim</strong></span> <span class='ocrx_word' id='word_1_146' title='bbox 1274 2515 1373 2581; x_wconf 87' lang='lat' dir='ltr'><strong>saepe</strong></span> 
     </span>
     <span class='ocr_line' id='line_1_21' title="bbox 281 2599 1379 2688; baseline -0.002 -21"><span class='ocrx_word' id='word_1_147' title='bbox 281 2603 361 2668; x_wconf 88' lang='lat' dir='ltr'><strong>nihil</strong></span> <span class='ocrx_word' id='word_1_148' title='bbox 387 2603 552 2688; x_wconf 88' lang='lat' dir='ltr'><strong>signifieat</strong></span> <span class='ocrx_word' id='word_1_149' title='bbox 573 2602 633 2667; x_wconf 90' lang='lat' dir='ltr'><strong>nisi</strong></span> <span class='ocrx_word' id='word_1_150' title='bbox 652 2604 823 2669; x_wconf 86' lang='lat' dir='ltr'><strong>transitum</strong></span> <span class='ocrx_word' id='word_1_151' title='bbox 846 2604 919 2669; x_wconf 86' lang='lat' dir='ltr'><strong>fieri</strong></span> <span class='ocrx_word' id='word_1_152' title='bbox 940 2627 980 2670; x_wconf 88' lang='lat' dir='ltr'><strong>ex</strong></span> <span class='ocrx_word' id='word_1_153' title='bbox 1002 2599 1065 2669; x_wconf 77' lang='lat' dir='ltr'><strong>tilia</strong></span> <span class='ocrx_word' id='word_1_154' title='bbox 1089 2625 1125 2670; x_wconf 86' lang='lat' dir='ltr'><strong>re</strong></span> <span class='ocrx_word' id='word_1_155' title='bbox 1148 2604 1181 2668; x_wconf 93' lang='lat' dir='ltr'><strong>iu</strong></span> <span class='ocrx_word' id='word_1_156' title='bbox 1202 2605 1308 2682; x_wconf 86' lang='lat' dir='ltr'><strong>aliam,</strong></span> <span class='ocrx_word' id='word_1_157' title='bbox 1334 2602 1379 2666; x_wconf 88' lang='lat' dir='ltr'><strong>ita</strong></span> 
     </span>
     <span class='ocr_line' id='line_1_22' title="bbox 282 2711 1378 2800; baseline -0.002 -24"><span class='ocrx_word' id='word_1_158' title='bbox 282 2711 440 2778; x_wconf 88' lang='lat' dir='ltr'><strong>hocloco</strong></span> <span class='ocrx_word' id='word_1_159' title='bbox 473 2711 606 2776; x_wconf 88' lang='lat' dir='ltr'><strong>chorum</strong></span> <span class='ocrx_word' id='word_1_160' title='bbox 641 2733 712 2777; x_wconf 90' lang='lat' dir='ltr'><strong>sese</strong></span> <span class='ocrx_word' id='word_1_161' title='bbox 741 2737 759 2776; x_wconf 86' lang='lat' dir='ltr'><strong>a</strong></span> <span class='ocrx_word' id='word_1_162' title='bbox 791 2734 893 2798; x_wconf 88' lang='lat' dir='ltr'><strong>puero</strong></span> <span class='ocrx_word' id='word_1_163' title='bbox 921 2713 1018 2778; x_wconf 86' lang='lat' dir='ltr'><strong>adse</strong></span> <span class='ocrx_word' id='word_1_164' title='bbox 1046 2713 1152 2800; x_wconf 91' lang='lat' dir='ltr'><strong>ipsum</strong></span> <span class='ocrx_word' id='word_1_165' title='bbox 1185 2720 1378 2777; x_wconf 87' lang='lat' dir='ltr'><strong>convertere</strong></span> 
     </span>
     <span class='ocr_line' id='line_1_23' title="bbox 284 2819 1378 2907; baseline -0.001 -22"><span class='ocrx_word' id='word_1_166' title='bbox 284 2831 317 2885; x_wconf 90' lang='lat' dir='ltr'><strong>et</strong></span> <span class='ocrx_word' id='word_1_167' title='bbox 353 2820 444 2905; x_wconf 88' lang='lat' dir='ltr'><strong>quasi</strong></span> <span class='ocrx_word' id='word_1_168' title='bbox 484 2843 600 2885; x_wconf 82' lang='lat' dir='ltr'><strong>novam</strong></span> <span class='ocrx_word' id='word_1_169' title='bbox 645 2821 876 2886; x_wconf 88' lang='lat' dir='ltr'><strong>sententiarum</strong></span> <span class='ocrx_word' id='word_1_170' title='bbox 913 2821 1034 2886; x_wconf 90' lang='lat' dir='ltr'><strong>seriem</strong></span> <span class='ocrx_word' id='word_1_171' title='bbox 1066 2820 1211 2907; x_wconf 89' lang='lat' dir='ltr'><strong>incipere</strong></span> <span class='ocrx_word' id='word_1_172' title='bbox 1246 2819 1378 2885; x_wconf 86' lang='lat' dir='ltr'><strong>indicat.</strong></span> 
     </span>
     <span class='ocr_line' id='line_1_24' title="bbox 284 2928 1378 3017; baseline 0 -25"><span class='ocrx_word' id='word_1_173' title='bbox 284 2928 444 3000; x_wconf 82' lang='lat' dir='ltr'><strong>Similiter·</strong></span> <span class='ocrx_word' id='word_1_174' title='bbox 467 2929 553 2994; x_wconf 84' lang='lat' dir='ltr'><strong>l’lut.</strong></span> <span class='ocrx_word' id='word_1_175' title='bbox 571 2931 609 2993; x_wconf 83' lang='grc'><strong>61</strong></span> <span class='ocrx_word' id='word_1_176' title='bbox 635 2928 833 3014; x_wconf 86' lang='lat' dir='ltr'><strong>Ohremylus</strong></span> <span class='ocrx_word' id='word_1_177' title='bbox 858 2939 1027 3016; x_wconf 86' lang='lat' dir='ltr'><strong>postquam</strong></span> <span class='ocrx_word' id='word_1_178' title='bbox 1052 2951 1180 2996; x_wconf 86' lang='lat' dir='ltr'><strong>servum</strong></span> <span class='ocrx_word' id='word_1_179' title='bbox 1202 2929 1378 3017; x_wconf 89' lang='lat' dir='ltr'><strong>reprehen-</strong></span> 
     </span>
     <span class='ocr_line' id='line_1_25' title="bbox 283 3029 1381 3125; baseline 0.002 -23"><span class='ocrx_word' id='word_1_180' title='bbox 283 3037 341 3120; x_wconf 85' lang='lat' dir='ltr'><strong>dit,</strong></span> <span class='ocrx_word' id='word_1_181' title='bbox 365 3037 404 3102; x_wconf 90' lang='lat' dir='ltr'><strong>nd</strong></span> <span class='ocrx_word' id='word_1_182' title='bbox 420 3037 554 3104; x_wconf 91' lang='lat' dir='ltr'><strong>Plutum</strong></span> <span class='ocrx_word' id='word_1_183' title='bbox 577 3060 754 3104; x_wconf 88' lang='lat' dir='ltr'><strong>conversus</strong></span> <span class='ocrx_word' id='word_1_184' title='bbox 777 3038 902 3125; x_wconf 84' lang='lat' dir='ltr'><strong>pergit:</strong></span> <span class='ocrx_word' id='word_1_185' title='bbox 926 3030 993 3104; x_wconf 73' lang='grc' dir='ltr'><strong>ἀλλ’</strong></span> <span class='ocrx_word' id='word_1_186' title='bbox 1017 3033 1052 3103; x_wconf 81' lang='lat' dir='ltr'><strong>si&#39;</strong></span> <span class='ocrx_word' id='word_1_187' title='bbox 1067 3062 1099 3104; x_wconf 80' lang='grc' dir='ltr'><strong>τι</strong></span> <span class='ocrx_word' id='word_1_188' title='bbox 1120 3037 1242 3121; x_wconf 85' lang='grc' dir='ltr'><em>χαίρεις</em></span> <span class='ocrx_word' id='word_1_189' title='bbox 1263 3029 1381 3122; x_wconf 73' lang='grc' dir='ltr'><em>ἀνδρὸς</em></span> 
     </span>
     <span class='ocr_line' id='line_1_26' title="bbox 281 3137 1379 3234; baseline 0 -23"><span class='ocrx_word' id='word_1_190' title='bbox 281 3137 420 3231; x_wconf 69' lang='grc' dir='ltr'><strong><em>εὐόρκου</em></strong></span> <span class='ocrx_word' id='word_1_191' title='bbox 442 3141 581 3232; x_wconf 74' lang='grc' dir='ltr'><strong><em>τρόποις</em></strong></span> <span class='ocrx_word' id='word_1_192' title='bbox 603 3144 676 3230; x_wconf 80' lang='grc' dir='ltr'><strong><em>ἐμοὶ</em></strong></span> <span class='ocrx_word' id='word_1_193' title='bbox 700 3141 829 3234; x_wconf 80' lang='grc' dir='ltr'><em>φρἀσον</em></span> <span class='ocrx_word' id='word_1_194' title='bbox 850 3147 917 3212; x_wconf 82' lang='grc' dir='ltr'><strong><em>κτλ.</em></strong></span> <span class='ocrx_word' id='word_1_195' title='bbox 948 3148 1045 3230; x_wconf 83' lang='lat' dir='ltr'><strong>Quod</strong></span> <span class='ocrx_word' id='word_1_196' title='bbox 1066 3170 1144 3213; x_wconf 88' lang='lat' dir='ltr'><strong>vero</strong></span> <span class='ocrx_word' id='word_1_197' title='bbox 1168 3147 1379 3212; x_wconf 88' lang='lat' dir='ltr'><strong>Hermannus</strong></span> 
     </span>
     <span class='ocr_line' id='line_1_27' title="bbox 283 3255 1380 3342; baseline 0.001 -23"><span class='ocrx_word' id='word_1_198' title='bbox 283 3256 391 3320; x_wconf 85' lang='lat' dir='ltr'><strong>altero</strong></span> <span class='ocrx_word' id='word_1_199' title='bbox 425 3255 498 3320; x_wconf 92' lang='lat' dir='ltr'><strong>loco</strong></span> <span class='ocrx_word' id='word_1_200' title='bbox 533 3255 627 3338; x_wconf 82' lang='lat' dir='ltr'><strong>dixit,</strong></span> <span class='ocrx_word' id='word_1_201' title='bbox 662 3256 778 3320; x_wconf 90' lang='lat' dir='ltr'><strong>mirum</strong></span> <span class='ocrx_word' id='word_1_202' title='bbox 807 3278 878 3322; x_wconf 89' lang='lat' dir='ltr'><strong>esse</strong></span> <span class='ocrx_word' id='word_1_203' title='bbox 904 3278 1014 3322; x_wconf 90' lang='lat' dir='ltr'><strong>senem</strong></span> <span class='ocrx_word' id='word_1_204' title='bbox 1039 3257 1125 3340; x_wconf 87' lang='lat' dir='ltr'><strong>inde,</strong></span> <span class='ocrx_word' id='word_1_205' title='bbox 1157 3257 1243 3342; x_wconf 91' lang='lat' dir='ltr'><strong>quod</strong></span> <span class='ocrx_word' id='word_1_206' title='bbox 1279 3278 1314 3322; x_wconf 89' lang='lat' dir='ltr'><strong>se</strong></span> <span class='ocrx_word' id='word_1_207' title='bbox 1345 3255 1380 3320; x_wconf 91' lang='lat' dir='ltr'><strong>iu</strong></span> 
     </span>
     <span class='ocr_line' id='line_1_28' title="bbox 285 3364 1410 3452; baseline 0 -24"><span class='ocrx_word' id='word_1_208' title='bbox 285 3365 352 3429; x_wconf 92' lang='lat' dir='ltr'><strong>luto</strong></span> <span class='ocrx_word' id='word_1_209' title='bbox 388 3364 542 3430; x_wconf 88' lang='lat' dir='ltr'><strong>incedere</strong></span> <span class='ocrx_word' id='word_1_210' title='bbox 571 3365 722 3442; x_wconf 88' lang='lat' dir='ltr'><strong>sentiret,</strong></span> <span class='ocrx_word' id='word_1_211' title='bbox 760 3365 959 3430; x_wconf 87' lang='lat' dir='ltr'><strong>concludere</strong></span> <span class='ocrx_word' id='word_1_212' title='bbox 992 3365 1075 3430; x_wconf 87' lang='lat' dir='ltr'><strong>intra</strong></span> <span class='ocrx_word' id='word_1_213' title='bbox 1109 3375 1260 3452; x_wconf 87' lang='lat' dir='ltr'><strong>quartum</strong></span> <span class='ocrx_word' id='word_1_214' title='bbox 1292 3365 1378 3430; x_wconf 90' lang='lat' dir='ltr'><strong>diem</strong></span> <span class='ocrx_word' id='word_1_215' title='bbox 1407 3441 1410 3446; x_wconf 15' lang='grc' dir='ltr'><strong><em>Δ</em></strong></span> 
     </span>
     <span class='ocr_line' id='line_1_29' title="bbox 283 3473 1378 3564; baseline 0.001 -27"><span class='ocrx_word' id='word_1_216' title='bbox 283 3473 426 3538; x_wconf 82' lang='lat' dir='ltr'><strong>futuram</strong></span> <span class='ocrx_word' id='word_1_217' title='bbox 461 3495 532 3540; x_wconf 88' lang='lat' dir='ltr'><strong>esse</strong></span> <span class='ocrx_word' id='word_1_218' title='bbox 555 3473 698 3560; x_wconf 84' lang='lat' dir='ltr'><strong>pluviam</strong></span> <span class='ocrx_word' id='word_1_219' title='bbox 722 3495 782 3538; x_wconf 89' lang='lat' dir='ltr'><strong>uec</strong></span> <span class='ocrx_word' id='word_1_220' title='bbox 806 3475 913 3562; x_wconf 91' lang='lat' dir='ltr'><strong>potius</strong></span> <span class='ocrx_word' id='word_1_221' title='bbox 937 3475 1071 3564; x_wconf 89' lang='lat' dir='ltr'><strong>pluisse,</strong></span> <span class='ocrx_word' id='word_1_222' title='bbox 1092 3475 1154 3540; x_wconf 91' lang='lat' dir='ltr'><strong>hoo</strong></span> <span class='ocrx_word' id='word_1_223' title='bbox 1177 3475 1246 3540; x_wconf 89' lang='lat' dir='ltr'><strong>sinc</strong></span> <span class='ocrx_word' id='word_1_224' title='bbox 1280 3473 1378 3539; x_wconf 92' lang='lat' dir='ltr'><strong>dubio</strong></span> 
     </span>
     <span class='ocr_line' id='line_1_30' title="bbox 282 3581 1379 3672; baseline 0 -27"><span class='ocrx_word' id='word_1_225' title='bbox 282 3603 362 3648; x_wconf 85' lang='lat' dir='ltr'><strong>vere</strong></span> <span class='ocrx_word' id='word_1_226' title='bbox 396 3581 519 3647; x_wconf 88' lang='lat' dir='ltr'><strong>dietum</strong></span> <span class='ocrx_word' id='word_1_227' title='bbox 553 3591 601 3648; x_wconf 88' lang='lat' dir='ltr'><strong>est</strong></span> <span class='ocrx_word' id='word_1_228' title='bbox 637 3603 743 3667; x_wconf 90' lang='lat' dir='ltr'><strong>neque</strong></span> <span class='ocrx_word' id='word_1_229' title='bbox 772 3607 790 3646; x_wconf 82' lang='lat' dir='ltr'>a</span> <span class='ocrx_word' id='word_1_230' title='bbox 817 3582 973 3648; x_wconf 86' lang='lat' dir='ltr'><strong>Richtero</strong></span> <span class='ocrx_word' id='word_1_231' title='bbox 1005 3583 1192 3672; x_wconf 79' lang='lat' dir='ltr'><strong>impugnari</strong></span> <span class='ocrx_word' id='word_1_232' title='bbox 1230 3582 1379 3665; x_wconf 84' lang='lat' dir='ltr'><strong>debebat,</strong></span> 
     </span>
     <span class='ocr_line' id='line_1_31' title="bbox 283 3690 1380 3778; baseline 0.002 -25"><span class='ocrx_word' id='word_1_233' title='bbox 283 3690 338 3778; x_wconf 87' lang='lat' dir='ltr'><strong>qui</strong></span> <span class='ocrx_word' id='word_1_234' title='bbox 360 3691 442 3756; x_wconf 84' lang='lat' dir='ltr'><strong>haec</strong></span> <span class='ocrx_word' id='word_1_235' title='bbox 467 3691 543 3756; x_wconf 85' lang='lat' dir='ltr'><strong>satis</strong></span> <span class='ocrx_word' id='word_1_236' title='bbox 567 3692 648 3756; x_wconf 87' lang='lat' dir='ltr'><strong>mira</strong></span> <span class='ocrx_word' id='word_1_237' title='bbox 670 3691 857 3757; x_wconf 84' lang='lat' dir='ltr'><strong>adnotavit:</strong></span> <span class='ocrx_word' id='word_1_238' title='bbox 882 3690 1008 3774; x_wconf 82' lang='lat' dir='ltr'><strong>,Senes</strong></span> <span class='ocrx_word' id='word_1_239' title='bbox 1030 3694 1086 3758; x_wconf 89' lang='lat' dir='ltr'><strong>ubi</strong></span> <span class='ocrx_word' id='word_1_240' title='bbox 1111 3715 1246 3758; x_wconf 87' lang='lat' dir='ltr'><strong>caenum</strong></span> <span class='ocrx_word' id='word_1_241' title='bbox 1267 3691 1380 3757; x_wconf 89' lang='lat' dir='ltr'><strong>vident</strong></span> 
     </span>
     <span class='ocr_line' id='line_1_32' title="bbox 282 3799 1380 3887; baseline -0.001 -23"><span class='ocrx_word' id='word_1_242' title='bbox 282 3825 301 3864; x_wconf 84' lang='lat' dir='ltr'><strong>s</strong></span> <span class='ocrx_word' id='word_1_243' title='bbox 326 3820 362 3864; x_wconf 89' lang='lat' dir='ltr'><strong>se</strong></span> <span class='ocrx_word' id='word_1_244' title='bbox 385 3799 554 3877; x_wconf 83' lang='lat' dir='ltr'><strong>calcatum,</strong></span> <span class='ocrx_word' id='word_1_245' title='bbox 591 3799 778 3865; x_wconf 90' lang='lat' dir='ltr'><strong>meminisse</strong></span> <span class='ocrx_word' id='word_1_246' title='bbox 813 3811 941 3887; x_wconf 88' lang='lat' dir='ltr'><strong>quoque</strong></span> <span class='ocrx_word' id='word_1_247' title='bbox 972 3800 1099 3866; x_wconf 89' lang='lat' dir='ltr'><strong>dierum</strong></span> <span class='ocrx_word' id='word_1_248' title='bbox 1128 3811 1380 3866; x_wconf 87' lang='lat' dir='ltr'><strong>consentaneum</strong></span> 
     </span>
     <span class='ocr_line' id='line_1_33' title="bbox 284 3909 1381 3996; baseline 0 -23"><span class='ocrx_word' id='word_1_249' title='bbox 284 3918 342 3991; x_wconf 89' lang='lat' dir='ltr'><strong>est,</strong></span> <span class='ocrx_word' id='word_1_250' title='bbox 377 3909 493 3994; x_wconf 88' lang='lat' dir='ltr'><strong>quibus</strong></span> <span class='ocrx_word' id='word_1_251' title='bbox 517 3910 667 3996; x_wconf 84' lang='lat' dir='ltr'><strong>proxime</strong></span> <span class='ocrx_word' id='word_1_252' title='bbox 698 3910 842 3996; x_wconf 84' lang='lat' dir='ltr'><strong>pluebat.</strong></span> <span class='ocrx_word' id='word_1_253' title='bbox 888 3910 1034 3990; x_wconf 83' lang='lat' dir='ltr'><strong>Quorum</strong></span> <span class='ocrx_word' id='word_1_254' title='bbox 1060 3911 1186 3975; x_wconf 87' lang='lat' dir='ltr'><strong>dierum</strong></span> <span class='ocrx_word' id='word_1_255' title='bbox 1211 3931 1381 3974; x_wconf 91' lang='lat' dir='ltr'><strong>numerum</strong></span> 
     </span>
     <span class='ocr_line' id='line_1_34' title="bbox 284 4020 1380 4107; baseline -0.003 -23"><span class='ocrx_word' id='word_1_256' title='bbox 284 4042 358 4084; x_wconf 88' lang='lat' dir='ltr'><strong>uum</strong></span> <span class='ocrx_word' id='word_1_257' title='bbox 379 4030 414 4084; x_wconf 93' lang='lat' dir='ltr'><strong>ut</strong></span> <span class='ocrx_word' id='word_1_258' title='bbox 437 4043 496 4107; x_wconf 86' lang='lat' dir='ltr'><strong>par</strong></span> <span class='ocrx_word' id='word_1_259' title='bbox 520 4029 568 4086; x_wconf 89' lang='lat' dir='ltr'><strong>cst</strong></span> <span class='ocrx_word' id='word_1_260' title='bbox 590 4020 752 4105; x_wconf 88' lang='lat' dir='ltr'><strong>hodieque</strong></span> <span class='ocrx_word' id='word_1_261' title='bbox 776 4029 808 4084; x_wconf 88' lang='lat' dir='ltr'><strong>et</strong></span> <span class='ocrx_word' id='word_1_262' title='bbox 839 4031 970 4086; x_wconf 85' lang='lat' dir='ltr'><strong>naturae</strong></span> <span class='ocrx_word' id='word_1_263' title='bbox 990 4021 1188 4086; x_wconf 86' lang='lat' dir='ltr'><strong>conveniens</strong></span> <span class='ocrx_word' id='word_1_264' title='bbox 1210 4020 1380 4096; x_wconf 83' lang='lat' dir='ltr'><strong>humanae,</strong></span> 
     </span>
    </p>
   </div>
   <div class='ocr_carea' id='block_1_3' title="bbox 387 4247 769 4318">
    <p class='ocr_par' dir='ltr' id='par_1_6' title="bbox 387 4247 769 4318">
     <span class='ocr_line' id='line_1_35' title="bbox 387 4247 769 4318; baseline 0.008 -18"><span class='ocrx_word' id='word_1_265' title='bbox 387 4250 411 4316; x_wconf 90' lang='lat' dir='ltr'><strong>l)</strong></span> <span class='ocrx_word' id='word_1_266' title='bbox 430 4247 471 4301; x_wconf 88' lang='lat' dir='ltr'><strong>De</strong></span> <span class='ocrx_word' id='word_1_267' title='bbox 491 4247 576 4303; x_wconf 89' lang='lat' dir='ltr'><strong>ehoro</strong></span> <span class='ocrx_word' id='word_1_268' title='bbox 594 4247 678 4318; x_wconf 84' lang='lat' dir='ltr'><strong>Vesp.</strong></span> <span class='ocrx_word' id='word_1_269' title='bbox 696 4266 723 4318; x_wconf 90' lang='lat' dir='ltr'><strong>p.</strong></span> <span class='ocrx_word' id='word_1_270' title='bbox 743 4251 769 4306; x_wconf 81' lang='lat' dir='ltr'><strong>t.</strong></span> 
     </span>
    </p>
   </div>
   <div class='ocr_carea' id='block_1_4' title="bbox 0 0 1562 5062">
    <p class='ocr_par' dir='ltr' id='par_1_7' title="bbox 0 0 1562 5062">
     <span class='ocr_line' id='line_1_36' title="bbox 0 0 1562 5062; baseline 0 0"><span class='ocrx_word' id='word_1_271' title='bbox 0 0 1562 5062; x_wconf 95' lang='lat' dir='ltr'><strong> </strong></span> 
     </span>
    </p>
   </div>
  </div>
 </body>
</html>
