3112 5062
672 400 694 465 3

138 589 278 677 primum
302 595 446 676 apparet,
471 609 528 668 μοι
546 594 620 650 ante
635 585 744 662 δοκεῖς
767 607 859 650 suum
883 585 990 651 locum
1013 606 1079 649 non
1094 582 1233 665 haberc;

139 697 196 761 sed
217 717 260 762 ne
283 690 367 779 ὅπερ
390 693 533 780 quidem,
558 693 645 778 quod
669 693 770 758 miror
795 702 828 758 et
844 691 1011 757 Meinekio
1035 699 1068 758 et
1088 690 1236 776 Bergkio

141 805 315 893 placuisse,
338 805 418 870 ferri
441 814 559 890 potest.
602 803 750 869 Prorsus
767 803 852 868 enim
874 801 1020 867 inaudita
1042 811 1092 866 est
1114 800 1237 889 etipsa

141 915 238 980 huius
260 913 411 978 vocabuli
432 922 547 978 natura
571 913 703 978 exclusa
725 907 809 997 ὅπερ
831 911 960 978 relativi
981 908 1182 999 pronominis
1203 908 1237 974 in

138 1022 363 1109 interrogativi
385 1023 492 1087 locum
515 1021 708 1088 substitutio.
749 1021 822 1088 Nec
844 1020 1027 1089 Moinekius
1049 1041 1111 1084 nec
1131 1017 1236 1102 Berg-

138 1134 212 1199 kius
236 1130 395 1196 dubitavit
418 1131 518 1218 Vesp.
543 1131 604 1194 796
625 1152 666 1194 ex
687 1130 877 1195 Rauennate
898 1129 1026 1194 Veneto
1041 1126 1236 1195 Florentino

139 1249 167 1306 Γ
187 1263 246 1328 pro
272 1236 351 1327 ὁρᾷς
374 1233 517 1323 ὅσονπερ
548 1239 615 1303 κτλ.
638 1259 799 1325 reponere
823 1232 903 1325 ὁρᾷς
931 1232 1010 1302 ὅσον
1041 1235 1103 1301 καὶ
1137 1238 1237 1301 τοῦτο

138 1351 219 1436 δῆτα
259 1349 425 1434 κερδανεῖς
468 1357 500 1412 et
533 1347 594 1434 Eq.
621 1347 681 1411 727
716 1347 863 1412 codicum
898 1346 1078 1434 scripturae
1115 1335 1237 1429 οἷάπερ

136 1454 308 1543 ὑβρίζομαι
329 1456 477 1522 ΕΙαιιΙοίἰ
503 1455 762 1522 emendationem
786 1447 842 1522 oia
863 1455 1114 1540 περιυβρίζομαι
1140 1477 1235 1542 prse-

137 1570 225 1633 icrre
240 1567 276 1651 ¹).
299 1567 362 1631 Av.
375 1566 436 1630 437
459 1587 538 1629 vero
556 1560 596 1631 ori
621 1563 656 1630 δὲ
677 1558 786 1630 τούσδ’
812 1563 863 1649 ἐφ’
888 1555 1009 1649 οἷσπερ
1031 1568 1103 1642 τοῖς
1125 1559 1235 1649 λόγοις

136 1675 274 1757 ousiis?
298 1670 359 1760 ἐγώ
384 1669 525 1763 φράσον,
563 1673 694 1755 δίδαξον
727 1673 899 1762 quominus
928 1672 969 1737 de
999 1671 1236 1758 interrogativa

138 1777 259 1868 οἷσπερ
272 1784 471 1872 pronominis
486 1784 721 1871 significatione
735 1784 869 1869 cogites,
886 1783 961 1847 satis
974 1782 1145 1868 impediris
1166 1786 1238 1861 τοῖς

139 1892 275 1957 articulo
288 1890 409 1956 addito.
430 1892 508 1956 Iure
527 1890 629 1974 igitur
640 1890 674 1954 in
685 1889 882 1956 Ravennatis
893 1889 1054 1953 etVeneti
1074 1890 1238 1956 communi

138 2000 296 2087 scriptura
329 1980 535 2063 offendimus.
593 1997 715 2064 Contra
735 1997 769 2062 in
789 1998 992 2083 reliquorum
1017 1997 1169 2063 codicum
1189 1999 1235 2063 le·

140 2108 247 2172 ctione
282 2127 348 2170 non
379 2106 483 2171 solum
519 2104 600 2170 nihil
626 2105 721 2170 video
742 2105 829 2190 quod
852 2105 1050 2190 reprehendi
1075 2107 1234 2193 possit-

138 2217 281 2283 conferri
305 2225 414 2303 potest
439 2215 504 2281 Av.
517 2215 579 2280 804
603 2207 692 2281 οἶσθ’
718 2199 744 2301 ᾦ
764 2209 891 2298 μάλιστ’
917 2210 1026 2293 ἔοικας
1047 2213 1235 2300 ἐπτερωμέ-

138 2375 337 2386 -ιι-

143 2466 239 2543 ῥώμην
255 2489 297 2540 γρ.
316 2465 439 2542 γνώμην,
458 2468 509 2523 Av.
523 2471 556 2523 23
570 2469 603 2522 R.
621 2459 673 2536 ἧδ’,
693 2467 726 2522 V.
741 2464 809 2532 οὐδ’,
829 2473 854 2520 Γ
868 2462 912 2535 ἥδ’
929 2487 972 2538 γρ.
990 2469 1036 2519 καὶ
1054 2461 1122 2528 οὐδ’,
1143 2483 1169 2522 v.
1183 2469 1235 2523 318

141 2567 173 2622 R.
193 2563 328 2639 ἀφῖχθον,
348 2566 382 2619 V.
399 2561 540 2636 ιἰφίκονθ’,
560 2570 585 2616 Γ
595 2559 722 2635 ἀφῖχθον
741 2581 784 2634 γρ,
802 2559 945 2634 ἀφίκοιθ’.
983 2563 1087 2617 Contra
1104 2563 1237 2632 Eq.1039

140 2732 174 2786 V.
196 2727 237 2796 ὃν,
255 2731 289 2784 R.
310 2727 367 2796 τὸν,
384 2737 409 2783 Γ
425 2725 459 2784 ὃν
475 2749 517 2802 γρ.
536 2725 593 2795 τὸν,
613 2728 650 2782 ib.
669 2727 702 2783 V.
717 2723 851 2800 φύλασσε,
876 2729 909 2782 R.
927 2723 1051 2801 φύλαξαι,
1070 2736 1095 2783 Γ
1112 2662 1238 2802 placidi

138 2847 163 2882 v.
178 2831 246 2881 1110
263 2827 295 2882 V.
315 2820 419 2894 iidffli.
440 2833 513 2894 εἴσω,
532 2819 617 2894 riou
637 2845 677 2896 γρ.
699 2832 772 2892 εἴσω,
791 2827 897 2879 111256
917 2825 948 2878 V.
968 2828 1101 2897 γένωμαι,
1120 2827 1152 2881 R.
1172 2829 1235 2884 ἔσσ-

136 2945 196 2995 μιιι,
216 2929 241 2976 Γ
255 2926 378 2994 γένωμαι
403 2942 446 2992 γρ.
466 2923 576 2994 ἔσομαι.
622 2920 676 2976 Sed
701 2921 748 2991 qui
767 2921 842 2975 hunc
870 2919 994 2976 codicem
1014 2921 1148 2987 exaravit,
1165 2921 1236 2978 libe-

136 3038 198 3073 rum
217 3020 271 3074 sibi
291 3037 414 3073 servasse
433 3019 655 3074 iudiciumvelut
674 3036 708 3072 ex
722 3018 773 3087 Eq.
784 3021 835 3072 517
848 3017 943 3072 videre
961 3017 1037 3082 licet,
1059 3019 1107 3074 ubi
1126 3019 1235 3074 Raven-

138 3134 187 3170 nas
208 3115 321 3170 exhibet
339 3113 442 3186 ὀλίγοις
459 3111 539 3181 πάνυ,
559 3117 683 3170 Venetus
701 3111 803 3185 ὀλίγοις
820 3108 882 3181 ἤδη,
899 3120 924 3168 Γ
936 3131 1026 3183 neque
1048 3109 1122 3169 πάνυ
1147 3134 1236 3186 neque

136 3206 188 3279 ἤδη
207 3213 325 3281 recepit,
344 3213 453 3266 saniore
478 3211 553 3266 haud
572 3212 655 3266 dubie
674 3211 778 3264 iudicio
804 3228 872 3264 usus
891 3228 975 3278 quam
1004 3229 1058 3279 quo
1077 3211 1103 3264 K
1110 3213 1235 3268 ockine

77 3359 79 3364 .
136 3307 219 3376 (Mus.
238 3307 326 3360 Rhen.
338 3307 403 3361 Vlll
420 3325 447 3376 p.
459 3308 522 3376 501)
540 3307 687 3374 utriusque
703 3305 806 3360 codicis
820 3305 993 3360 lectionibus
1012 3307 1167 3362 coniunctis
1187 3309 1236 3363 de-

135 3407 294 3457 monstrare
312 3407 428 3457 conatus
448 3407 492 3456 est
510 3402 691 3458 scribendum
709 3419 788 3455 ease:

234 3507 344 3562 πολλῶν
363 3507 388 3560 δ’
409 3503 493 3575 αίπὴν
509 3502 701 3578 πειρασάντων
717 3505 820 3578 ὀλίγοις
837 3503 930 3564 πάνυ
948 3507 989 3580 δὴ
1004 3515 1188 3582 χαρίσασθαι.

234 3611 399 3682 Νοαιροοᾱ
416 3613 445 3666 in
463 3613 607 3668 codicibus
631 3617 697 3683 post
715 3615 825 3670 πολλῶν
853 3597 958 3686 legitur
976 3611 1030 3686 γὰρ
1048 3633 1163 3685 prorsus
1182 3633 1235 3671 ne-

135 3709 287 3762 cessarium
305 3727 365 3764 esse
384 3721 440 3764 non
452 3710 567 3764 difficile
584 3715 627 3764 est
647 3710 682 3764 ad
695 3711 926 3780 intellegendum,
945 3707 979 3778 di]
999 3728 1066 3765 vero
1085 3716 1149 3781 post
1168 3715 1236 3765 πολ-

134 3804 190 3856 λῶν
206 3821 240 3856 ex
251 3804 447 3875 Aristophanis
462 3805 578 3865 dicendi
593 3823 646 3860 usu
660 3807 814 3859 rectissime
829 3806 955 3860 additum
970 3811 1013 3860 est
1031 3805 1065 3860 ci.
1078 3809 1139 3862 596.
1159 3805 1234 3862 Plut.

135 3902 197 3953 253.
221 3901 255 3953 sl.
292 3902 414 3955 Maxima
435 3919 502 3956 vero
521 3919 554 3956 ex
571 3906 661 3970 parte,
679 3919 736 3955 non
755 3905 848 3954 toturn
870 3903 944 3956 hunc
963 3902 1089 3957 codicem
1107 3921 1142 3957 ex
1160 3904 1235 3972 opti·
1311 3947 1315 3952 .

133 3994 185 4047 mis
205 3997 387 4064 compilatum
406 4015 467 4052 esse
486 3997 553 4062 dixi,
573 3997 638 4066 quia
657 4003 722 4051 sunt
740 4014 810 4066 quae
837 3997 874 4052 ad
893 4003 1023 4052 neutrum
1043 3997 1148 4054 referre
1168 4017 1235 4068 pos-

134 4093 182 4146 sis.
219 4090 337 4146 Omnino
357 4094 386 4147 in
404 4095 478 4149 hunc
498 4093 623 4149 codicem
641 4092 803 4163 diligentius
822 4093 1018 4163 inquirendum
1036 4095 1099 4149 erit.

236 4187 262 4257 1)
284 4186 374 4242 Simili
393 4189 461 4241 vitio
481 4189 591 4243 laborat
609 4188 694 4257 Soph.
714 4188 746 4242 0.
766 4189 799 4242 u.
817 4192 870 4244 403
894 4187 996 4244 παθὼν
1019 4189 1105 4259 ἔγνως
1122 4183 1159 4244 ἂν
1175 4183 1235 4244 olri-

134 4297 186 4354 περ
204 4290 329 4355 φρονεῖς,
349 4283 398 4338 ubi
417 4283 595 4339 scribendum
615 4288 659 4337 est
679 4279 714 4337 οἷ’
735 4280 949 4358 ὑπερφρονεῖς.
