3112 5062
700 393 742 462 35

174 577 310 643 rendam
342 577 440 644 esse?
475 579 595 663 Qualia
615 567 695 646 vero
718 582 819 647 verba
851 581 1076 647 interciderint
1108 583 1198 646 velut
1229 603 1272 646 cx

175 687 237 752 hoc
261 687 413 774 exemplo
437 688 563 754 discere
584 699 696 776 potes:
759 728 760 732 =

300 795 400 880 μηδὲν
424 781 476 860 ὦν
496 787 655 880 α’ρτίως
677 800 749 862 νῦν
774 794 909 863 ἔλαττον
930 797 1032 862 ποίει.

276 903 414 969 Scilicet
436 905 553 970 chorus
576 906 707 970 videtur
729 905 925 970 insiciarium
950 905 1167 990 admonuisse,
1190 927 1273 970 nes

175 1013 344 1100 proposito
366 1013 541 1078 desisteret
562 1035 646 1078 neve
669 1013 836 1078 inimicum
861 1015 1004 1081 animum
1024 1015 1215 1079 remitteret.

274 1121 370 1187 Rau.
392 1122 454 1186 263
485 1113 580 1187 crida*
611 1118 694 1208 μὴν
722 1119 829 1209 ἡμᾶς
860 1119 910 1189 σύ
942 1119 1113 1202 πάντως
1137 1123 1272 1189 simulac

175 1233 255 1317 legi,
278 1233 310 1295 in
333 1225 417 1317 ἡμᾶς
435 1226 475 1296 od
497 1233 671 1296 verborum
706 1233 931 1321 conlocatione
960 1233 1101 1316 offendi,
1134 1255 1271 1320 quorum

175 1343 315 1408 alterum
340 1340 487 1425 quamvis
509 1341 630 1406 maiore
660 1341 691 1405 vi
715 1341 898 1428 praeditum
921 1343 1023 1430 priori
1056 1366 1122 1408 non
1144 1353 1272 1410 antece-

151 1450 255 1515 dere
276 1473 342 1514 non
372 1460 519 1536 poteram
549 1451 626 1515 satis
654 1451 774 1516 mirari.
820 1451 888 1518 Sed
912 1474 988 1516 mox
1010 1451 1107 1516 etiam
1127 1475 1162 1537 ys
1186 1453 1274 1518 desi-

177 1559 299 1639 deravi,
324 1581 387 1644 quo
410 1553 450 1624 od
470 1581 650 1644 pronomen
664 1553 749 1644 ἡμᾶς
763 1559 948 1645 pronomini
970 1560 1155 1647 oppositum
1173 1561 1273 1627 effer-

175 1675 275 1732 retur.
319 1667 473 1749 Quaesivi
498 1667 609 1752 igitur,
637 1691 714 1732 num
742 1668 820 1752 quid
845 1668 957 1733 auxilii
990 1670 1063 1732 loco
1098 1669 1186 1734 haud
1217 1670 1275 1735 du·

175 1778 230 1842 bie
252 1787 406 1864 corrupto
430 1799 471 1841 ex
494 1777 661 1848 codicibus
685 1777 752 1862 peti
788 1787 908 1863 posset.
952 1777 1064 1863 Atque
1098 1779 1209 1844 inveni
1239 1779 1273 1844 in

176 1877 364 1952 Rauennate
391 1908 426 1972 ys
453 1886 521 1972 legi
553 1909 651 1972 supra
680 1887 802 1972 scripto
835 1881 874 1952 ori
907 1887 1112 1974 pronomine.
1155 1890 1273 1975 Itaque

178 2019 243 2060 non
265 1995 408 2060 dubitavi
440 1994 580 2081 primum
603 1991 642 2060 σύ
666 2018 700 2080 yc
733 1982 925 2074 restituere,
956 1995 1076 2061 dein'de
1108 2007 1145 2061 ut
1175 1999 1273 2062 etiam

98 2169 101 2176 ,
177 2105 358 2170 conlocatio
388 2098 505 2169 hoium
538 2107 711 2169 verborum
743 2105 982 2191 corrigeretur,
1003 2107 1140 2192 inverso
1158 2107 1275 2172 ordine

175 2207 215 2280 σύ
238 2215 265 2299 γ’
290 2208 373 2299 ἡμᾶς
394 2215 548 2280 scribere.
592 2205 666 2296 Quo
697 2215 783 2278 facto
808 2215 890 2278 nihil
918 2214 1075 2278 relicuum
1101 2223 1180 2300 erat,
1212 2216 1274 2280 nisi

175 2335 211 2388 ut
233 2317 367 2400 πάντως
389 2324 546 2388 vocabulo
571 2323 767 2410 transposito
786 2323 1003 2388 scriberetur:
1050 2392 1052 2396 ,

303 2422 402 2496 οὐδὲ
424 2427 504 2518 μὴν
528 2426 699 2510 πάντως
720 2427 766 2498 σύ
790 2433 816 2517 γ’
841 2427 957 2518 ἡμᾶς,

176 2562 259 2627 quae
285 2541 386 2605 verba
422 2541 500 2625 quin
524 2541 625 2628 ipsius
650 2541 881 2629 Aristophanis
912 2543 1035 2607 luerint
1058 2565 1124 2608 non
1149 2542 1274 2610 dubito.

175 2649 246 2714 Nec
268 2671 394 2730 vereor,
416 2671 458 2714 nc
482 2651 647 2736 Bergkius
669 2650 745 2716 huic
769 2651 951 2737 scripturae
975 2674 1056 2732 eam,
1084 2675 1180 2738 quam
1194 2652 1273 2740 ipse

177 2778 241 2822 non
272 2767 337 2823 tam
370 2758 593 2846 recipiendam
629 2760 800 2846 proposuit
833 2781 929 2842 quam
963 2768 999 2822 ut
1028 2759 1204 2844 aliquando
1239 2761 1273 2824 in

175 2867 288 2932 codice
303 2867 411 2951 aliquo
432 2868 643 2950 inveniretur,
659 2869 803 2956 optavit:
823 2859 916 2934 ἀλλὰ
935 2863 1000 2954 μὴν
1017 2865 1111 2954 ἡμεῖς
1132 2867 1176 2934 oc
1191 2863 1275 2933 πάν-

175 2999 241 3054 τως
260 2977 505 3065 praepositurus
526 2977 577 3042 sit.

274 3085 385 3152 Plut.
401 3087 463 3152 258
485 3087 586 3172 vulgo
608 3088 797 3173 legebatur:

296 3188 341 3272 (ὃς
362 3191 449 3272 εἰκός
474 3194 561 3262 ἐστιν
582 3189 737 3274 ἀσθενεῖς
757 3196 965 3282 γέροντας
986 3188 1059 3262 dvo
1066 3221 1140 3281 ρας
1161 3187 1231 3283 ἤδη.

215 3388 216 3392 ¹
276 3303 515 3370 Meinekius
546 3305 632 3369 haud
657 3305 755 3369 dubie
781 3306 870 3369 nulla
900 3306 962 3370 alia
987 3305 1028 3370 de
1055 3329 1151 3372 causa
1177 3329 1274 3392 quam

175 3411 263 3497 quod
287 3401 347 3498 ἤδη
371 3413 579 3500 participium
602 3414 759 3500 requirit,
782 3437 845 3500 quo
872 3437 946 3479 cum
970 3415 1172 3480 substantivo
1196 3437 1273 3479 con·

78 3555 80 3560 ,
174 3517 340 3606 iungatur,
360 3523 510 3608 scripsit:

300 3626 345 3709 (ὃς
369 3627 457 3710 εἰκός
479 3631 566 3698 ἐστιν
588 3625 743 3712 α’σθειῖεῖς
765 3633 972 3719 γέροντας
996 3623 1115 3710 ὄντας
1137 3621 1208 3718 ἤδη.

275 3739 369 3804 Haec
406 3742 590 3808 emendatio
623 3765 661 3806 eo
695 3764 767 3808 sese
800 3743 1029 3824 commendat,
1065 3739 1153 3824 quod
1192 3760 1275 3826 quae

124 3874 128 3883 ·
174 3848 210 3912 in
240 3847 393 3932 γέροντας
426 3839 521 3928 ὄντας
553 3850 660 3914 verbis
693 3849 822 3914 auditur
856 3844 1038 3936 παρήχησις
1058 3848 1274 3934 Aristophani

175 3957 211 4021 in
249 3956 377 4022 deliciis
400 3958 500 4025 fuisse
533 3959 673 4041 videtur,
700 3959 764 4023 vid.
788 3959 950 4024 Achata
982 3957 1135 4043 γέροντας
1168 3947 1275 4042 ὄντας,

175 4063 236 4152 Eq.
255 4055 421 4130 bostut
454 4065 557 4152 γέρων
585 4061 630 4132 div
644 4065 835 4154 περιέρρει,
862 4067 964 4154 Vesp.
984 4068 1045 4132 278
1076 4060 1114 4131 τὸ
1146 4062 1274 4152 σφυρὸν

174 4171 326 4256 γέροντος
347 4163 450 4255 ὄντος,
474 4176 617 4242 ib.1384
640 4168 700 4263 ἤδη
721 4175 825 4262 γέρων
846 4166 900 4255 diu,
925 4177 988 4242 Au.
1013 4175 1094 4239 1256
1113 4169 1205 4240 οὕτω·
1221 4172 1274 4259 ye'-

176 4308 243 4368 ρων
265 4275 320 4368 ὧν,
343 4283 431 4350 ΕοοΙ.
452 4285 513 4350 323
539 4282 590 4352 ὅτι
612 4285 715 4373 γέρων
735 4281 781 4351 dv
802 4278 925 4373 ἠγόμην
941 4285 1074 4371 γυναῖχ’,
1096 4307 1159 4372 qna
1182 4305 1273 4348 occa·
