3112 5062
741 427 744 441 .
785 369 827 437 28

391 563 465 638 πῶς
484 556 539 647 chi,-
561 560 658 649 φέρε
683 562 784 637 mig,-
808 597 846 606 -
868 549 1055 642 ἀλεκτρυών
1076 547 1291 640 κάλεκτρυών.

362 685 445 751 Cum
480 685 581 771 igitur
610 688 664 772 qui
700 687 843 774 quinque
876 686 940 752 illis
972 686 1053 750 loeis
1086 683 1173 750 ἐστιν
1195 683 1248 748 rel
1277 683 1360 749 ’στιν

156 881 160 888 ⁵
262 795 477 882 seripserunt,
504 795 590 860 omni
624 796 850 882 exemplorum
884 818 945 883 ope
969 794 1114 860 destituti
1152 793 1216 859 rint
1242 795 1277 877 ¹),
1299 816 1360 858 nos

261 926 350 987 vero,
375 905 431 991 qui
450 903 513 970 ἐστ’
538 916 570 970 et
593 896 658 970 'oe‘
693 903 903 968 scribendum
926 903 1092 985 ducimus,
1127 925 1186 974 eos
1212 903 1302 970 loeos
1326 902 1360 966 in

266 1023 375 1102 portes
396 1036 515 1078 vocare
539 1013 709 1102 possimus,
731 1013 787 1077 nbi
809 1013 946 1078 oliorum
970 1013 1202 1078 vocabulorum
1227 1011 1359 1078 ultimae

262 1123 409 1208 syllabae
425 1123 459 1188 in
476 1123 539 1188 fine
553 1123 862 1210 interrogativorum
885 1123 1126 1189 enuntiatorum
1152 1121 1252 1216 elisae
1273 1131 1359 1204 sunt,

259 1242 295 1296 ut
320 1232 482 1298 Plut132
502 1232 552 1310 τίς
574 1219 631 1298 οὖν
649 1228 667 1297 ὁ
687 1231 839 1317 παρέχων
861 1232 948 1298 ἐστὶν
969 1225 1057 1320 αὐτῷ
1079 1232 1218 1310 τοῦθᾞ
1243 1269 1279 1279 -
1298 1227 1359 1313 ὁδί,

261 1341 506 1407 eoncedendum
529 1353 589 1426 est,
610 1343 791 1428 Reisigium
825 1365 892 1408 non
915 1343 1090 1426 detexisse,
1123 1365 1219 1426 quom
1249 1341 1360 1426 legem

261 1450 501 1536 Aristophanes
527 1451 585 1517 sibi
616 1451 686 1540 ipse
709 1447 899 1539 scripserit,
933 1452 989 1518 sed
1017 1450 1118 1516 invito
1152 1450 1358 1539 imposuisse.

261 1558 313 1624 Ne
336 1581 413 1625 vero
437 1560 574 1642 mireris,
598 1585 663 1626 non
684 1562 795 1648 plures
818 1584 888 1627 esse
912 1563 1012 1644 loeos,
1033 1561 1089 1625 ubi
1113 1559 1200 1626 ἐστὶν
1222 1561 1360 1647 copulae

259 1667 376 1732 ultima
400 1669 480 1733 eliso
502 1669 560 1752 sit,
580 1669 614 1733 id
645 1669 749 1758 ipsum
775 1680 890 1759 reputa
913 1670 1008 1734 etiam
1039 1670 1072 1734 in
1096 1669 1166 1733 aliis
1190 1669 1359 1734 vooebulis

261 1799 319 1862 per
349 1797 461 1841 omnes
491 1767 720 1864 Aristophanis
753 1779 879 1843 fabulas
913 1779 954 1843 nd
987 1802 1148 1844 summurn
1179 1777 1281 1842 vicies
1314 1779 1358 1843 fa·

260 1895 350 1952 etum
374 1907 456 1952 esse.

363 2148 388 2219 1)
407 2148 473 2203 Noli
498 2150 659 2204 desiderare
684 2149 766 2218 Vesp.
797 2151 864 2204 1369
894 2151 948 2202 τῶν
975 2149 1122 2220 ξυμποτῶν
1144 2151 1300 2217 sterpetum
1332 2179 1359 2186 —

260 2249 367 2298 ποίαν
393 2240 540 2315 αὐλητρίδα
548 2269 556 2310 ;
581 2262 662 2314 quem
693 2262 802 2298 versum
827 2247 992 2312 corruptum
1017 2259 1077 2296 esse
1107 2260 1163 2296 non
1192 2246 1252 2296 tem
1280 2241 1361 2296 huius

259 2340 414 2410 elegantiae
440 2340 509 2410 legis
529 2340 643 2394 violatio
662 2341 756 2410 arguit
779 2357 861 2408 quem
875 2344 960 2393 ποίαν
977 2337 1150 2408 pronominis
1167 2337 1363 2408 interrogativi

260 2434 362 2505 prioris
383 2434 508 2504 syllabae
529 2435 678 2504 correptio,
709 2452 779 2503 quae
805 2453 838 2487 ex
868 2451 923 2502 quo
951 2434 1050 2488 Aeseh.
1071 2433 1167 2504 Suppl.
1185 2437 1237 2488 911
1257 2451 1308 2503 pro
1328 2435 1359 2487 ἐκ

259 2536 364 2585 ποίου
385 2527 563 2604 φρονήματος
589 2531 693 2601 legitur
711 2533 861 2590 ἐκτίνος
889 2551 937 2602 φρ.
955 2530 1030 2584 omni
1049 2521 1241 2599 exemplorum
1260 2529 1359 2584 simili-

261 2628 358 2683 tudine
378 2629 515 2684 destitute
536 2633 588 2682 est.
627 2628 770 2697 Quomodo
789 2629 975 2683 emendandus
995 2629 1032 2682 sit
1045 2629 1091 2682 hie
1113 2645 1218 2692 versus,
1238 2627 1362 2683 dubitari

264 2728 373 2794 potest3
393 2725 441 2778 sed
460 2725 527 2794 quin
545 2730 572 2779 et
599 2726 673 2794 quod
690 2726 808 2780 Florens
829 2726 1003 2780 Christianus
1025 2726 1121 2795 (πῶς;
1138 2721 1284 2797 αὐλητρίδα
1291 2728 1310 2791 ;)
1331 2729 1361 2780 et

261 2822 335 2890 quod
355 2821 509 2874 Meinekius
529 2823 707 2876 scribendum
725 2823 873 2892 proposuit
891 2820 964 2892 (τὴν
980 2818 1126 2892 αὐλητρίδα
1134 2823 1162 2890 ,·),
1187 2823 1222 2876 ab
1250 2822 1361 2876 Aristo·

259 2916 358 2986 phanis
378 2917 579 2972 consuetudine
603 2916 762 2982 abhorreat,
784 2935 841 2972 non
859 2918 965 2986 poterit
983 2917 1113 2972 dubitari.
1159 2917 1229 2971 Mihi
1248 2918 1361 2972 videtur

259 3012 324 3066 inde
344 3006 577 3082 proficiscendum
597 3031 665 3076 osse,
684 3015 758 3082 quod
777 3015 806 3068 in
825 3014 877 3068 hoo
906 3032 989 3068 versu
1007 3014 1077 3068 nihil
1097 3017 1149 3078 est,
1168 3013 1243 3084 quod
1261 3033 1361 3084 repre-

260 3108 343 3162 hendi
363 3109 460 3177 possit,
482 3109 555 3163 abici
573 3127 639 3164 vero
659 3109 734 3164 selvo
753 3110 893 3164 sententie
911 3128 997 3164 unum
1015 3114 1112 3180 potest
1130 3107 1276 3182 αὐλητρίδα
1294 3127 1358 3165 ver-

260 3205 335 3268 bum,
354 3205 429 3274 quod
446 3205 520 3259 idem
539 3207 620 3260 faeile
639 3225 673 3262 ex
691 3207 829 3278 proximis
846 3207 997 3276 repetitum
1008 3208 1052 3261 vel
1064 3207 1100 3261 ed
1118 3207 1362 3277 interpretandum

259 3300 432 3371 adscriptum
451 3319 511 3356 esse
537 3319 619 3372 posse
648 3303 737 3372 quivis
756 3304 900 3358 concedet.
937 3303 996 3356 Iam
1015 3303 1089 3358 enim
1108 3303 1167 3357 sine
1187 3304 1356 3358 temeritatis

261 3397 328 3451 vitio
347 3397 400 3453 hoe
426 3397 561 3452 vooebulo
589 3400 703 3468 expulso
729 3399 801 3452 hene
829 3417 924 3453 versus
942 3405 1052 3470 partem
1071 3404 1102 3452 ut
1119 3417 1235 3469 prorsus
1253 3399 1362 3454 firmam

259 3511 292 3548 ee
311 3497 403 3550 tutem
422 3498 561 3548 statuero:

393 3594 448 3648 τῶν
465 3595 611 3666 ξυμποτῶν
631 3597 787 3662 ritmorum
808 3625 840 3632 —-
860 3598 952 3647 Ποίαν
975 3613 1095 3645 -v-

260 3693 289 3744 et
308 3690 444 3744 relieuam
461 3695 571 3760 portem
591 3691 716 3760 quolibet
734 3691 838 3745 oretieo
863 3691 908 3744 vel
934 3690 1072 3758 dactylico
1085 3689 1227 3744 'vooabulo
1248 3679 1359 3758 explere

261 3803 417 3855 possumus.
453 3788 545 3856 Atque
565 3805 617 3858 ego
636 3788 749 3856 quidem
767 3789 893 3857 suspicor
910 3787 1115 3841 adlocutionem
1129 3786 1274 3852 ‚interiisse
1292 3803 1362 3854 qus-

259 3881 299 3934 les
313 3881 454 3936 haesunt:
475 3875 592 3954 ὦλεθρε,
612 3875 710 3953 ᾠζυρέ,
731 3875 751 3936 ὦ
770 3877 871 3954 φθόρε,
890 3873 911 3936 ὦ
929 3885 1004 3955 μέλε,
1025 3874 1046 3936 ὦ
1066 3875 1158 3946 τάλαν,
1176 3881 1217 3935 ita
1231 3886 1263 3935 ut
1281 3899 1305 3935 e.
1320 3898 1364 3950 gr.

258 3983 336 4032 totus
355 3995 451 4032 versus
470 3980 633 4035 scribendus
654 3981 703 4034 sit:

408 4076 462 4130 τῶν
479 4079 625 4148 ξυμποτῶν
641 4080 782 4148 κλέψαντα
791 4102 800 4143 ,·
820 4109 852 4116 -
872 4082 964 4143 notor,
985 4067 1030 4130 atr
1041 4093 1053 4128 ε
1064 4081 1145 4146 tou

259 4170 294 4225 ef.
325 4175 352 4224 τί
377 4171 416 4235 δ’,·
442 4168 504 4242 οὐχὶ
533 4180 699 4244 πειθαρχεῖν
727 4192 763 4245 με
781 4181 837 4234 τοῖς
856 4170 967 4246 νόμοισι
987 4173 1043 4237 (kf,-
1074 4203 1103 4210 -
1124 4176 1254 4237 ποίοισιν,
1273 4162 1295 4225 oi
1314 4164 1362 4225 δι’·

260 4283 355 4335 orum
371 4297 404 4308 —
424 4275 478 4330 τοῖςΙ
499 4269 686 4343 δεδογμένας.
