3112 5062
828 345 869 410 14

305 531 394 596 ximo
417 529 563 620 pandere
592 530 740 595 videatur
770 530 882 595 iubere
905 553 1075 618 possumus
1107 529 1146 594 nd
1170 551 1208 594 ca
1229 527 1408 616 respicere,

307 662 400 727 quae·
418 639 640 728 exposuimus,
671 639 759 704 unde
783 639 860 705 satis
881 640 945 704 iam
974 640 1135 728 apparuit,
1159 643 1194 702 io
1219 639 1304 702 Pace
1326 639 1408 702 Aei-

304 751 360 814 bus
383 750 486 814 Itane
509 749 609 815 Pluto
632 773 734 839 aequo
758 750 896 838 quodam
919 763 1169 835 temperamento
1200 771 1307 812 errones
1323 745 1405 834 fon-

306 874 352 923 tes
376 862 494 923 miratos
527 882 594 922 ease
628 883 732 948 neque
764 860 866 922 ullum
897 873 1031 945 praeter
1058 873 1182 923 cetoros
1199 859 1407 944 praevalere,

304 983 419 1034 contra
439 972 473 1032 in
496 966 672 1056 Equitibna
703 969 899 1032 deteriorum
929 969 1084 1052 ecdicum,
1112 971 1147 1032 in
1168 965 1315 1032 Nubibus
1338 967 1404 1032 Ra-

303 1081 451 1142 vennatis
474 1077 692 1163 archetypum,
714 1079 748 1140 ie
767 1075 878 1162 Vespic
904 1077 1093 1140 caudicem
1118 1079 1274 1161 optinere.
1310 1075 1404 1157 Quae

304 1207 378 1249 cum
401 1184 445 1248 ita
465 1182 530 1248 sint
551 1184 633 1248 haec
657 1204 729 1248 mea
751 1182 791 1246 do
812 1183 863 1246 his
885 1183 1049 1248 codicibus
1064 1179 1233 1248 'sententia
1258 1192 1317 1268 est,
1348 1181 1403 1245 Ve-

303 1297 374 1357 nen?
391 1287 677 1358 auctoritatem't'n
703 1291 880 1380 Equitt'bua
905 1293 1000 1378 lonpe
1030 1295 1185 1378 superari
1204 1291 1405 1356 Ravennatis

303 1406 514 1486 auctoritate,
542 1405 578 1466 in
608 1399 754 1466 Nubibus
787 1405 820 1465 εἰ
838 1425 959 1487 parem,
984 1404 1017 1464 in
1041 1401 1128 1466 Pace
1151 1401 1275 1465 Avibus
1300 1401 1404 1466 Bauio

307 1511 404 1575 Pluto
424 1533 608 1596 cupparem,
632 1512 667 1573 in
696 1509 866 1596 lespiam
889 1511 990 1574 multo
1012 1512 1170 1574 maiorem
1194 1533 1270 1574 ease.

405 1619 497 1685 Haec
518 1627 593 1685 sunt
626 1640 708 1706 quae
741 1619 914 1684 enucleare
939 1620 1103 1706 potuimus
1130 1641 1171 1683 ex
1190 1618 1287 1683 variis
1312 1617 1400 1684 codi-

303 1709 377 1795 cum
401 1728 611 1809 lectionibus;
647 1727 838 1815 quibuscum
860 1747 1039 1814 compares,
1064 1749 1195 1812 quaeso,
1220 1747 1303 1811 quac
1325 1733 1402 1790 ante

303 1840 363 1904 hos
395 1836 508 1902 decem
547 1858 650 1900 annos
681 1835 873 1900 Koelrius
905 1835 1038 1922 scripsit
1072 1835 1179 1914 (Mus.
1210 1834 1316 1900 Rbcn.
1339 1834 1402 1900 IX.

303 1969 335 2035 p.
347 1947 440 2031 olet:
470 1945 581 2028 ,Quae
603 1943 685 2009 ratio
710 1944 891 2009 intercedat
925 1945 1011 2009 inter
1035 1943 1156 2008 librum
1176 1945 1403 2012 Ravennatem

303 2066 336 2120 et
361 2055 536 2136 Venetum,
569 2053 622 2137 qui
651 2051 740 2118 illius
773 2053 1000 2139 praestantiam
1036 2051 1123 2116 haud
1154 2073 1228 2118 raro
1260 2073 1401 2140 aequare

302 2164 440 2245 videtur,
472 2161 535 2227 alio
557 2162 654 2244 loco,
680 2162 706 2226 si
732 2161 794 2226 deo
824 2162 979 2249 placebit,
1012 2183 1183 2250 exponam.
1242 2163 1401 2246 Quaestio

302 2273 388 2338 enim
413 2281 463 2336 est
485 2270 691 2337 subdifficilis
712 2282 743 2335 et
761 2271 910 2355 obscura,
929 2271 970 2336 ad
991 2293 1086 2356 quam
1108 2271 1135 2336 is
1157 2271 1290 2337 demum
1305 2294 1399 2337 accu-

300 2392 370 2447 rate
396 2379 598 2468 respondere
632 2381 770 2468 poterit,
801 2379 855 2464 qui
878 2402 936 2468 per
962 2401 1074 2446 omnes
1096 2381 1328 2470 Aristophanis
1351 2381 1398 2446 fa·

301 2491 394 2556 bulas
416 2489 487 2578 pari
508 2489 694 2555 assiduitate
724 2500 757 2554 et
779 2488 951 2575 diligentia
973 2499 1006 2554 ct
1027 2472 1257 2557 similitudines
1281 2501 1313 2556 et
1335 2491 1399 2557 dis-

301 2599 488 2687 crepantias
522 2598 703 2686 scripturae
726 2598 1009 2685 pervestigaverit.
1058 2598 1170 2666 Unum
1195 2599 1281 2665 enirn
1304 2622 1400 2688 supc-

300 2710 386 2775 riorc
419 2730 504 2774 anno
535 2709 653 2792 ᾖ(Μυε.
684 2707 788 2774 Rben.
802 2707 889 2773 VIII
920 2731 951 2795 p.
970 2709 1067 2789 352)ss
1097 2709 1207 2774 monui
1232 2709 1399 2776 Venetam

300 2819 404 2884 videri
431 2818 631 2906 descriptum
662 2825 810 2883 essesut
840 2839 881 2882 ex
903 2817 1090 2882 Rauennate
1123 2818 1193 2905 ipso
1215 2828 1271 2883 aut
1294 2841 1337 2884 ex
1359 2841 1398 2883 co

299 2928 394 3010 libro,
419 2949 461 2992 ex
488 2949 551 3012 quo
575 2926 673 2991 etiam
696 2926 867 2991 Ravennae
888 2925 1050 3012 originem
1075 2927 1250 3015 acceperit,
1273 2928 1397 3014 aliquot

299 3048 408 3102 tamen
430 3037 510 3101 loeis
533 3045 599 3100 tam
622 3034 787 3118 insignem
811 3034 968 3099 exhibere
996 3035 1145 3100 lectionis
1167 3037 1397 3120 diversitatem,

300 3155 335 3210 ut
357 3167 395 3210 ea
417 3167 459 3210 ex
481 3143 553 3209 aliis
570 3143 763 3232 quibusdam
798 3143 901 3226 libris,
937 3167 1003 3212 non
1025 3146 1128 3210 multo
1162 3145 1398 3212 recentioribus
1471 3204 1473 3208 .

299 3258 503 3340 Rauennate,
538 3255 674 3320 forsitan
707 3255 805 3320 etiam
838 3255 1069 3322 vetustioribus
1102 3257 1217 3322 heusta
1248 3278 1319 3322 csso
1349 3257 1395 3320 vi·

301 3365 447 3430 deutur.“

749 3537 953 3548 ψ

400 3664 466 3730 lam
498 3687 517 3728 a
547 3663 711 3730 codicibus
746 3664 788 3732 ad
819 3677 949 3753 pectam
982 3677 1194 3734 transeamus.
1246 3667 1310 3734 Oui
1331 3691 1398 3734 non
1459 3723 1464 3728 .

300 3775 407 3840 minus
430 3773 701 3858 consuluerimus,
724 3774 751 3840 si
776 3777 951 3844 nonnullos
973 3777 1061 3843 locos
1084 3779 1124 3842 ab
1147 3777 1315 3842 bominum
1338 3777 1399 3844 do-

300 3894 437 3967 storum,
458 3883 512 3971 qui
534 3883 698 3949 interdum
721 3884 919 3950 Ravennatis
941 3887 995 3951 vel
1017 3886 1138 3952 Veneti
1161 3887 1259 3952 variis
1283 3887 1397 3952 lectio-

300 3992 395 4059 nibus
408 4013 443 4056 se
458 3991 564 4078 decipi
577 3993 664 4079 passi
680 4002 765 4074 sunt,
789 3981 984 4060 coniecturis
1005 3995 1280 4062 vindicaverimus
1301 4019 1397 4084 quam

299 4103 326 4166 si
348 4100 428 4167 alios
451 4109 563 4166 nostro
578 4101 681 4165 Marte
703 4101 834 4165 illorum
853 4102 1001 4168 codicum
1023 4127 1084 4193 ope
1101 4105 1395 4172 emendaverimus.

299 4211 438 4280 Errores
460 4232 550 4295 vero,
572 4231 614 4275 ne
635 4208 762 4275 inutilia
783 4231 929 4298 agamus,
951 4235 1011 4280 eos
1023 4214 1229 4301 potissimum
1250 4217 1395 4280 refutan-
