3112 5062
727 355 767 426 21

319 550 401 616 Rau.
433 546 513 612 1220
545 538 705 632 Εὐριπίδη
729 583 766 592 -
792 544 824 609 τί
857 541 951 622 ἔσθ’,·
987 579 1025 590 -
1058 535 1205 629 ὑφέσθαι
1237 559 1293 620 μοι

924 707 926 712 ,
999 653 1092 722 δοκεῖ
1107 652 1145 732 ¹).

300 769 356 837 Sic
390 767 478 834 enim
501 766 685 834 Meinehius
710 766 769 829 hos
797 765 885 830 locos
907 762 1046 850 scripsit.
1091 761 1138 826 At
1162 757 1296 836 clamas,

200 902 273 944 cum
299 877 466 945 codicibus
500 877 534 941 in
558 873 618 942 hac
642 875 830 960 quaestione
854 871 1063 940 diiudicanda
1085 868 1167 938 nihil
1195 867 1295 931 tribu·

200 988 320 1054 endum
342 988 393 1074 sit,
415 987 532 1053 eodem
552 987 622 1051 iure
653 985 772 1072 ubique
798 984 885 1050 ἐστιν
907 983 962 1047 vel
982 973 1064 1048 'occu
1086 1002 1149 1066 quo
1173 977 1236 1044 ἐστ’
1263 985 1295 1040 et

199 1087 266 1162 ’σθ’
293 1094 390 1160 scribi
413 1115 520 1182 posse.
560 1093 627 1162 Sed
651 1093 774 1174 videas,
798 1073 994 1178 0011000110
1018 1089 1043 1152 si
1067 1087 1129 1153 hoc
1151 1083 1295 1150 volueris

201 1205 298 1269 etiam
322 1203 497 1271 maioribus
529 1203 688 1288 angustiis
715 1201 884 1288 premeris.
929 1198 1115 1266 Effecturus
1139 1194 1225 1259 enim
1251 1215 1296 1268 es,

200 1324 236 1378 ut
259 1313 408 1400 singulae
434 1314 542 1378 theses
570 1313 605 1375 in
630 1311 709 1375 dues
733 1320 841 1398 partes
866 1309 910 1372 ita
939 1305 1153 1388 dissecentur,
1174 1311 1210 1366 ut
1232 1324 1296 1366 una

200 1427 240 1492 ad
261 1425 368 1508 unius,
385 1425 487 1488 altera
510 1423 551 1488 ed
573 1421 705 1486 alterius
726 1441 885 1508 personae
900 1417 1000 1484 verba
1013 1415 1191 1504 pertineat3
1208 1409 1295 1495 quod

199 1557 266 1600 non
288 1533 384 1598 video
408 1531 525 1620 quibus
549 1530 619 1595 aliis
643 1529 802 1616 exemplis
827 1525 908 1590 tueri
931 1524 1035 1613 possis
1059 1544 1155 1607 00010
1179 1519 1245 1584 his:

324 1641 411 1706 Ach.
427 1642 489 1706 800
506 1631 646 1716 adrogo*
667 1633 780 1723 ἐρώτη.
796 1673 836 1683 -
847 1639 937 1719 χοῖρε
949 1637 1049 1718 χοῖρε.
1064 1669 1101 1678 -
1119 1629 1187 1696 κοῒ
1199 1628 1275 1695 κοΐ.

325 1750 400 1816 Pac.
417 1751 476 1814 195
494 1743 548 1814 the
570 1773 625 1812 νυν
647 1740 784 1812 κάλεσόν
806 1769 862 1828 μοι
885 1740 942 1808 cdv
964 1735 1132 1828 :lib-iti
1156 1735 1193 1827 ἰὴ
1215 1733 1265 1825 ἰή.

326 1860 409 1925 Ach.
434 1858 496 1924 912
528 1857 635 1947 φαίνω
669 1853 811 1940 πολέμια
843 1857 952 1919 ταῦτα.
979 1891 1021 1950 ᾗ
1046 1849 1083 1915 τί
1103 1849 1173 1916 δαὶ
1197 1843 1297 1912 κακὸν

956 1955 1080 2026 παθών
1100 1995 1142 2004 —-

325 2073 411 2139 Nub.
436 2073 516 2137 1192
547 2071 600 2136 ἵνα
626 2066 665 2156 δὴ
699 2069 731 2135 τί
762 2066 820 2157 τὴν
844 2069 917 2156 ἕνην
947 2066 1163 2154 προςὲθηκεν.
1187 2103 1225 2113 -
1247 2065 1291 2128 ἵν’

239 2180 242 2184 ’
955 2165 983 2242 ni
1004 2177 1081 2262 μέλε
1106 2214 1144 2225 -

296 2289 349 2354 Ex
382 2289 431 2353 his
455 2309 535 2354 vero
559 2287 717 2374 exemplis
742 2287 873 2352 tertium
895 2296 927 2350 et
951 2297 1099 2374 quartum
1124 2283 1296 2351 emendate

201 2407 276 2466 sunt
307 2397 340 2460 in
370 2396 513 2462 editione
539 2397 757 2479 Meinekiane,
789 2397 844 2460 ubi
875 2397 1056 2460 rectissimo
1081 2395 1190 2484 priore
1223 2394 1295 2457 loco

197 2505 241 2571 τί
263 2505 282 2570 d
291 2503 316 2587 ὲ,
349 2506 451 2570 altero
477 2505 705 2594 noogtdnx'
731 2501 852 2592 legitur
875 2506 930 2591 (cf.
955 2505 1056 2596 Vesp.
1080 2499 1181 2569 79311
1207 2501 1242 2569 δὲ
1264 2502 1297 2567 τί

200 2609 284 2698 πρὸς
306 2615 394 2680 ταῦτ’
418 2607 506 2702 εἷφ’,·
529 2652 570 2662 -
593 2609 622 2700 ὅ,
643 2641 685 2700 τι,
708 2615 762 2681 ubi
792 2638 856 2682 non
882 2637 1009 2699 vereor,
1030 2637 1072 2682 ne
1099 2637 1171 2682 cum
1193 2613 1295 2680 Reisi-

198 2721 252 2807 gio
276 2722 399 2788 scribas
419 2714 507 2805 eine,
527 2721 611 2805 n',·);
634 2724 759 2807 reliquo
774 2723 837 2790 duo
860 2731 966 2790 eutem
990 2723 1069 2788 nihil
1092 2724 1203 2788 101001
1222 2723 1296 2807 quie

198 2830 461 2896 interiectiouum
485 2828 659 2915 singularis
682 2830 762 2894 retio
786 2839 845 2894 est.
888 2830 992 2895 Multo
1015 2851 1095 2894 uero
1117 2829 1214 2893 etium
1239 2828 1296 2892 101-

197 2963 257 3004 nus
291 2940 325 3004 111
358 2939 516 3004 auxilium
538 2961 655 3005 vocare
680 2940 819 3029 poteris,
846 2939 934 3026 quod
956 2939 1042 3007 Nub.
1062 2940 1125 3006 664
1157 2939 1190 3002 in
1213 2937 1296 3001 Her·

198 3049 371 3114 mannienc
395 3048 573 3115 Kockiune
599 3050 804 3115 Meiuehiana
826 3049 964 3136 legitur:

320 3160 394 3235 πῶς
415 3151 475 3243 δή,·
497 3157 600 3247 φέρ’.
628 3195 666 3206 -
691 3154 820 3236 ὅπωςς
843 3150 1027 3242 dilettevole
1049 3149 1262 3242 κάλεκτρυών.

296 3265 460 3363 Νο10000
484 3269 589 3333 solum
605 3269 686 3334 haec
702 3269 864 3358 scripture
887 3268 948 3332 soli
963 3268 1143 3333 Hermenui
1159 3268 1294 3354 ingenio

198 3372 350 3462 debetur2
373 3397 485 3440 verum
509 3375 607 3440 etiarn
630 3397 695 3442 non
723 3375 828 3460 magis
851 3375 1092 3460 Aristophaneo
1113 3396 1185 3439 esse
1208 3374 1296 3438 vide·

198 3489 249 3544 tur
275 3504 372 3567 quam
398 3481 547 3546 codicum
571 3485 645 3560 πῶς
669 3476 724 3568 deb·
747 3481 837 3571 φέρε.
859 3520 901 3528 ·-
922 3486 1012 3560 πῶςς
1034 3475 1219 3566 ἀλεκτρυών
1241 3476 1295 3548 κᾶ-

197 3586 370 3668 λεκτρυών.
394 3590 467 3676 Ego
489 3601 577 3656 certe
600 3616 759 3680 nusquam
779 3592 814 3660 10
835 3594 885 3658 his
906 3593 1059 3660 undecim
1079 3592 1294 3680 1011011001ρο

196 3701 393 3766 venabulum
407 3700 659 3788 interrogationi
681 3703 897 3788 postpositum
914 3703 1044 3785 inveni;
1063 3725 1126 3787 000
1142 3702 1183 3766 de
1200 3723 1297 3767 00000

198 3829 262 3894 ego
284 3809 541 3896 Aristophanem
564 3811 733 3898 scripsisse
755 3811 918 3898 suspicor:

220 3922 237 3927 -ι
252 3922 397 3930 --.....-.,,-.

298 3977 323 4043 1)
344 3976 474 4030 Consulto
487 3977 568 4031 omisi
577 3979 638 4032 Pec.
651 3981 685 4032 41
705 3981 753 4032 τοῦ
770 3973 823 4049 γάρ
842 3979 917 4042 ἐστ’;
934 4009 957 4018 ·-
976 3974 1024 4032 οὐκ
1044 3979 1106 4032 ἔσθ’
1127 3972 1212 4041 ὅπως,
1231 3981 1297 4048 quie

199 4069 275 4125 hunc
293 4073 404 4125 versum
424 4091 521 4128 senum
543 4092 602 4130 esse
630 4076 751 4130 nondum
782 4075 849 4132 mihi
868 4093 1032 4146 persuasum
1052 4080 1105 4140 est,
1126 4078 1209 4144 utque
1228 4075 1298 4129 Itan.

199 4170 267 4222 1077
285 4172 314 4222 et
331 4168 438 4223 Thesm.
458 4173 519 4234 498,
540 4190 596 4226 non
622 4173 697 4242 quod
723 4171 866 4244 Reisigius
882 4190 930 4230 eos
949 4171 1147 4240 emendaverit,
1166 4172 1216 4226 sed
1234 4171 1300 4242 quis

196 4264 225 4318 hi
242 4263 362 4321 fortasse
380 4267 550 4323 rhetoricam
568 4269 799 4340 interrogationis
818 4269 941 4340 speciem
958 4287 1090 4332 excusare
1109 4272 1234 4340 possunt·
