3112 5062
702 387 723 456 9

167 571 247 636 hacc
278 573 376 636 verba
407 572 500 636 futile
530 572 794 660 supplementum
827 591 898 634 esse
929 571 1151 656 probaverunt
1182 565 1264 632 mihi

168 679 377 745 Hermannus
400 689 432 745 et
455 680 658 746 DindorfiuS.

265 795 305 858 In
327 792 485 879 proximis
511 791 632 857 fabulis
661 792 756 879 plura
773 791 890 856 Veneti
914 801 946 855 ct
968 801 1153 856 ceterorum
1178 788 1264 854 codi-

167 925 240 968 cum
276 902 455 967 communis
491 901 628 986 originis
652 901 791 984 vestigia
822 901 990 966 inventum
1024 901 1063 966 iri
1099 899 1264 987 sperabis;

167 1012 253 1096 quod
277 1011 377 1096 longe
411 1031 505 1076 secus
529 1020 587 1075 ost.
631 1010 670 1074 In
694 1009 850 1097 Vespis
879 1009 964 1074 enim
995 1008 1050 1074 vix
1085 1010 1179 1096 plura
1212 1009 1265 1074 vel

167 1121 309 1185 certiora
330 1119 511 1205 indagabis,
531 1141 626 1202 quem
649 1119 734 1202 quod
753 1119 901 1184 Venetus
924 1141 997 1183 cum
1022 1118 1138 1184 ceteris
1159 1141 1189 1182 v.
1204 1117 1263 1181 147

167 1223 351 1316 ε’σεῤῥήαεις
377 1229 511 1293 exhibet
533 1251 592 1316 pro
615 1223 770 1315 ἐρρήσεις,
793 1252 824 1292 v.
851 1229 909 1294 175
930 1231 1057 1294 θᾶττον
1074 1250 1135 1314 pro
1156 1219 1264 1305 αὐτὸν,

172 1363 202 1403 v.
226 1337 287 1403 239
309 1332 441 1424 ἥψομεν
465 1359 524 1422 pro
546 1333 695 1424 ἥψομεν,
728 1362 757 1402 v.
781 1339 844 1402 319
863 1338 997 1424 τηροῦιί
1027 1361 1085 1424 pro
1107 1340 1266 1424 τηροῦμαι

167 1448 205 1526 δ,
233 1469 262 1512 v.
286 1449 345 1513 661
371 1442 497 1512 τούτων
533 1469 593 1534 pro
626 1442 745 1512 τούτου
755 1497 765 1530 ,
790 1457 822 1511 et
846 1471 874 1512 v.
896 1447 958 1511 458
981 1438 1040 1511 οδκ
1072 1447 1208 1531 omittit3
1233 1447 1266 1514 in

169 1558 277 1623 Pace
309 1581 381 1622 cum
413 1557 531 1645 ceteris
564 1581 594 1620 v.
617 1559 656 1621 31
682 1551 803 1643 μήποτ’
838 1559 975 1643 praebet
1004 1579 1063 1643 pro
1093 1556 1264 1644 μηδέποτ’,

166 1690 197 1729 ν.
221 1668 284 1732 233
308 1663 402 1732 ἔνδον
429 1689 488 1753 pro
512 1661 668 1748 ἔνδοθεν,
691 1689 722 1730 v.
740 1665 802 1730 600
823 1689 860 1731 οε
889 1660 1017 1748 λαβόντ’
1042 1689 1101 1754 pro
1125 1661 1264 1749 λαβόντ’,

171 1798 201 1839 v.
224 1775 287 1840 585
308 1773 445 1858 δαίμονα
467 1797 526 1862 pro
547 1768 706 1857 δαιμόνια,
732 1797 761 1838 v.
777 1775 837 1838 706
859 1765 1077 1862 διμεξόμεσθα
1100 1797 1159 1861 pro
1183 1767 1268 1864 τίφη-

169 1878 332 1968 σόμεσβα.
355 1882 438 1982 iffam
463 1883 548 1968 quod
564 1906 593 1948 v.
608 1883 668 1948 897
691 1883 723 1946 in
741 1881 888 1948 omnibus
906 1892 1036 1970 practer
1047 1884 1265 1950 Ravennatem

169 1993 337 2058 codicibus
366 1994 503 2058 omissus
533 2003 600 2076 est,
630 1992 705 2056 huic
739 1991 787 2055 rei
822 2001 996 2079 propterea
1027 2015 1179 2078 magnam
1202 1993 1265 2056 vim

173 2124 240 2166 non
275 2100 399 2183 tribuo,
432 2099 506 2186 quia
539 2099 632 2162 facile
669 2099 764 2162 ctiam
800 2099 919 2168 diversi
951 2100 1074 2165 librarii
1104 2124 1123 2165 a
1157 2100 1266 2188 priore

169 2204 299 2276 ἑστάναι
319 2209 359 2274 od
382 2209 521 2273 alterum
545 2209 696 2274 aberrare
721 2217 906 2294 potuerunt.

269 2319 421 2386 Certiora
443 2319 585 2404 vestigia
610 2319 717 2383 Aves
750 2318 903 2384 continet.
928 2341 957 2383 v.
981 2319 1022 2383 23
1043 2319 1188 2384 Venetus
1212 2319 1266 2383 dc·

173 2427 327 2493 teriorum
360 2428 506 2492 codicum
530 2419 597 2493 οδδ
630 2428 755 2522 reecpit
785 2451 844 2515 pro
869 2428 1066 2494 Ravennatis
1087 2415 1148 2514 ἧδ’,
1174 2452 1205 2494 v.
1226 2429 1267 2494 69

172 2527 254 2601 ἄλλα
275 2559 335 2625 pro
362 2529 461 2621 ότδρ,
483 2561 513 2601 v.
538 2538 597 2601 122
621 2536 890 2623 ἐγκατακλιθῆναι
912 2561 971 2625 pro
996 2537 1264 2624 ἐγκατακλινῆναι,

167 2667 197 2710 v.
210 2645 273 2708 432
294 2645 380 2728 quod
401 2646 535 2728 gravius
547 2655 605 2724 est,
631 2645 733 2731 λέγειν
752 2645 862 2711 κέλευέ
881 2671 939 2730 μοι
960 2645 1062 2732 λέγειν
1084 2671 1143 2735 pro
1163 2646 1267 2732 λέγειν

167 2752 270 2838 λέγειν
292 2753 401 2819 κέλευέ
422 2779 490 2838 μοι,
514 2779 543 2820 v.
560 2756 620 2820 491
645 2756 1086 2842 τορνευταοιτιδολνροιιηγοί
1108 2779 1167 2844 pro
1189 2781 1267 2841 τορ-

168 2861 556 2948 νευτολυρασπιδοπηγοί,
582 2887 610 2925 v.
633 2864 694 2929 692
716 2863 873 2951 Προδίκῳ
902 2866 979 2949 παρ’
1002 2863 1082 2949 ἐμοῦ
1105 2888 1164 2954 pro
1187 2867 1264 2950 παρ’

173 2971 252 3056 ἐμοῦ
275 2970 441 3058 Προδίκῳ.

265 3080 359 3146 Talia
382 3082 480 3147 ctiam
514 3081 547 3148 in
569 3084 698 3150 Ranis
732 3084 954 3150 inveniuntur.
979 3108 1008 3149 v.
1033 3085 1093 3150 129
1116 3085 1263 3152 Venetus

166 3213 239 3254 oum
269 3191 488 3256 deterioribus
510 3194 677 3279 plerisque
697 3181 779 3282 κᾷτα
805 3217 865 3280 pro
887 3188 958 3261 εἶτα
985 3196 1128 3276 exhibet,
1154 3219 1185 3261 v.
1205 3197 1265 3262 317
1287 3241 1292 3254 ·

167 3297 272 3363 ἐκεῖνο
287 3321 345 3385 pro
360 3297 454 3364 ἐκεῖν’
478 3288 515 3378 αλ,
540 3325 570 3362 v.
583 3302 646 3366 520
665 3294 833 3388 αόλητρίσι
847 3327 906 3391 pro
922 3296 1117 3390 δρχηστρίσι,
1141 3329 1171 3370 v.
1185 3307 1266 3370 1019

166 3401 205 3472 σύ
226 3405 259 3470 τί
271 3429 329 3493 pro
341 3406 374 3471 τί
397 3403 447 3487 οὐ,
472 3431 501 3472 v.
519 3410 598 3474 1035
621 3407 696 3492 ἔσχε
711 3411 765 3476 καί
786 3411 879 3491 κλέος
901 3435 959 3501 pro
982 3413 1035 3479 καί
1055 3414 1148 3493 κλέος
1163 3412 1264 3497 ἔσχεν,

165 3538 195 3581 v.
220 3515 301 3580 1066
330 3507 397 3580 ἄλλ’
425 3515 458 3582 ἐν
485 3517 609 3604 ῥακίοις
632 3543 690 3607 pro
720 3512 801 3586 ἀλλὰ
829 3522 970 3610 ῥακίοις,
1004 3547 1033 3590 v.
1059 3520 1267 3591 1330ἰι·όνον

166 3648 229 3712 pro
250 3620 387 3709 τρόπον,
411 3650 440 3692 v.
468 3627 548 3691 1366
572 3623 677 3715 ὅσπερ
703 3655 763 3719 pro
784 3627 876 3716 ὅπερ.

266 3737 306 3801 In
330 3736 459 3801 Pluto
476 3738 622 3804 Venetus
646 3763 718 3806 curn
742 3743 860 3807 ceteris
883 3765 912 3804 v.
924 3744 965 3806 66
990 3743 1123 3807 exhibet
1138 3738 1266 3832 φράσον

163 3865 223 3930 pro
245 3840 401 3933 φράσεις,
433 3869 463 3912 v.
486 3847 546 3912 641
577 3840 705 3934 ἀγγελεῖ
730 3873 789 3937 pro
817 3843 1012 3936 ἀγγέλλεται,
1036 3876 1065 3917 v.
1089 3853 1150 3919 766
1174 3853 1203 3919 α’
1228 3854 1261 3919 ἐν
1330 3871 1332 3876 ·

164 3957 375 4037 κριβανωτῶν
396 3979 455 4044 pro
477 3980 513 4023 σε
538 3983 598 4042 κρ.,
618 3982 648 4024 v,
670 3961 732 4024 999
751 3962 989 4048 προςέιτεμψεν
1011 3987 1070 4050 pro
1099 3964 1266 4049 προςαπέ-

163 4073 310 4148 πεμψεν,
333 4087 361 4130 v.
385 4067 445 4129 517
469 4061 508 4152 δή
533 4069 660 4136 omittit.

262 4171 367 4236 Vides
402 4196 513 4239 corum
543 4176 716 4261 vitiorum,
751 4201 831 4266 quae
856 4180 977 4246 Veneti
1013 4191 1261 4267 ceterorumque

165 4279 314 4345 codicum
337 4287 520 4349 communia
544 4297 629 4369 sunt,
653 4288 784 4353 nonita
807 4313 961 4376 magnum
984 4313 1054 4356 esse
1079 4313 1261 4374 numerum,
