3112 5062
177 593 335 658 memoria
357 610 424 658 non
447 601 617 678 tenerent,
649 592 761 657 dicunt
784 588 913 677 ἡμερῶν
935 587 1100 679 τεττάρων
1120 588 1159 660 τὸ
1181 581 1277 659 πλεῖ-

177 723 258 769 στον
279 701 300 766 i.
323 721 350 766 e.
383 700 447 764 iam
468 709 618 788 quartum
648 701 736 768 hunc
759 701 856 766 diem.
882 701 1045 784 „Maxime
1066 723 1202 768 necesse
1225 711 1274 768 est

177 811 287 876 Deum
309 809 427 874 fecisse
448 807 592 896 pluviam
625 810 690 874 iam
716 820 866 895 quartum
893 812 981 876 hunc
1007 812 1112 894 diem,
1133 809 1277 876 scilieet:

178 929 304 986 tantum
335 915 398 1006 ego
419 918 516 982 video
536 919 596 983 luti
627 927 659 983 et
681 921 791 984 calco“
817 921 858 984 ef.
881 921 944 985 490
965 915 1154 1007 πεντήκοντ’
1182 919 1275 1000 ἑτῶν,

177 1031 257 1114 Lys.
281 1029 343 1092 280
366 1023 405 1108 ἓξ
423 1026 505 1119 &triv
521 1018 688 1106 dlovaogss
716 1029 752 1096 Si
777 1051 872 1094 senes
896 1031 959 1095 hoc
981 1030 1146 1114 dicerent,
1167 1031 1278 1095 absur-

179 1139 313 1203 dissime
335 1137 423 1221 quod
444 1137 529 1202 seire
551 1137 671 1202 debent
685 1138 891 1222 conligerent
906 1160 948 1202 ex
966 1139 1025 1202 luti
1049 1139 1221 1204 altitudine
1236 1174 1277 1184 -

178 1247 301 1334 pluisse
328 1266 531 1332 perpaucos
562 1244 631 1308 dies
653 1244 831 1329 proximos.
874 1245 947 1312 Nec
971 1247 1075 1330 magis
1098 1247 1176 1311 mihi
1198 1269 1278 1333 pro-

177 1358 308 1437 bentur,
333 1375 416 1440 quae
438 1352 557 1418 deinde
579 1353 676 1417 homo
700 1353 907 1420 doctissimus
930 1355 1026 1420 dicit:
1052 1357 1142 1438 ,Iam
1168 1357 1277 1440 sequi-

180 1475 234 1532 tur
255 1465 359 1530 altera
385 1485 499 1529 senum
515 1463 715 1528 observatio:
739 1462 856 1546 Neque
870 1465 1008 1529 cessabit
1029 1466 1156 1551 pluere,
1179 1488 1278 1554 quum
1371 1453 1374 1458 ¹

181 1576 300 1658 fungos
322 1573 356 1636 in
379 1571 519 1636 lucernis
542 1571 719 1636 increvisse
743 1571 881 1638 videam.
922 1573 1037 1658 Itaque
1060 1595 1104 1638 ex
1128 1574 1188 1638 huc
1206 1570 1278 1639 meu

183 1681 403 1770 explicatione
426 1701 521 1746 senes
546 1680 626 1746 duas
647 1702 700 1745 res
723 1690 901 1768 exponunt,
923 1676 982 1746 τὸν
994 1677 1158 1766 βόρβορον
1173 1682 1278 1748 lutum

180 1802 213 1858 et
234 1787 311 1870 τοίς
330 1786 474 1878 μύκητας
496 1793 636 1876 fungos;
659 1801 830 1877 utramque
853 1791 1066 1856 coniectando
1088 1803 1120 1856 et
1141 1793 1278 1856 senilem

179 1901 214 1964 in
235 1900 369 1964 modum
392 1899 582 1964 disserendo
617 1899 797 1984 pluribus.“
835 1899 909 1983 Ego
941 1899 1074 1985 quidem
1095 1900 1176 1966 mihi
1202 1923 1279 1988 per-

181 2008 320 2074 suadere
356 2030 422 2071 non
457 2030 602 2094 possum,
627 2007 899 2088 observationem,
928 2029 1011 2091 quae
1047 2009 1179 2099 omnino
1212 2031 1277 2076 nou

182 2121 271 2184 faeta
295 2127 351 2199 ost,
379 2127 539 2200 tanquam
565 2119 650 2181 foeta
673 2117 936 2201 sita1·guu:cntis
968 2140 1063 2203 posse
1086 2119 1277 2184 confirmari.

180 2225 250 2293 Sed
275 2225 330 2312 qui
347 2225 529 2290 aRiuhtero
544 2248 610 2291 nou
632 2227 793 2290 refutatus
816 2236 865 2290 cst
880 2225 1088 2292 Hermannus
1100 2238 1216 2295 tamen¹
1231 2251 1278 2294 er·

180 2335 274 2400 ravit.
320 2333 366 2400 Ut
388 2334 474 2398 enim
496 2334 637 2421 primum
655 2333 729 2398 telis
760 2355 834 2398 eum
856 2333 1031 2420 adgrediar
1051 2336 1098 2400 eis
1118 2337 1282 2402 similibus

181 2444 297 2531 quibus
322 2445 391 2531 ipse
414 2444 580 2529 vulgatam
603 2443 815 2528 impugnavit,
838 2443 999 2528 quomodo
1029 2445 1160 2512 tandem
1183 2467 1280 2513 senes

179 2556 266 2638 inde,
281 2553 370 2637 quod
389 2554 494 2618 solum
510 2552 626 2616 durum
649 2562 746 2636 atque
760 2551 939 2654 arefactum
955 2553 1086 2634 vident,
1099 2564 1164 2620 tem
1180 2556 1278 2622 facile

183 2663 378 2730 concludere
409 2672 556 2748 possunt,
589 2661 673 2726 intra
708 2673 861 2746 quattuor
891 2665 960 2728 dies
995 2666 1065 2730 fore
1094 2675 1130 2730 ut
1162 2668 1280 2752 pluat?

180 2777 310 2844 Deinde
332 2798 411 2841 vero
433 2776 530 2840 homo
554 2775 758 2840 doctissimus
780 2774 813 2840 id
837 2775 969 2857 quidem
990 2784 1080 2839 recte
1103 2753 1303 2859 iutellenit,⁸

180 2886 383 2952 enuntiatum
404 2884 492 2968 quod
512 2893 562 2948 est
577 2875 657 2950 κούκ
681 2880 756 2950 ἔσθ’
780 2878 875 2961 ὅπως
890 2875 949 2964 οὐχ
970 2880 1099 2970 ἡμεροῦν
1116 2877 1280 2967 τεττάρων

181 2988 219 3059 ud
233 2995 390 3060 πλεῖστον
411 2988 499 3076 ὕδωρ
513 2983 694 3077 ἀναγκαίως
715 2989 782 3073 ἔχει
803 2987 862 3057 τὸν
877 2987 961 3057 θεὸν
973 2995 1110 3079 ποιῆσαι
1132 2992 1174 3058 ad
1195 2995 1280 3058 futu-

180 3126 253 3170 rum
275 3114 404 3190 tempus
428 3102 639 3168 referendum
673 3124 756 3184 esse,
787 3123 869 3194 quae
893 3110 1002 3168 autem
1031 3103 1113 3168 ratio
1138 3103 1279 3169 interce·

179 3214 273 3280 deret
304 3214 389 3278 inter
418 3213 482 3276 hoe
515 3212 715 3276 enuntiatum
750 3221 782 3275 et
814 3211 847 3274 id
886 3211 972 3294 quod
1004 3211 1170 3276 antecedit
1205 3233 1280 3276 eum

181 3332 357 3412 propterea
377 3321 474 3408 fugit,
499 3321 586 3406 quod
607 3320 768 3386 nonsatis
790 3319 978 3382 attendebat
999 3318 1039 3383 ad
1051 3312 1131 3384 κούκ
1146 3319 1191 3404 (v.
1202 3320 1280 3405 260)

181 3425 313 3518 κινοῦν
336 3432 381 3516 (v.
398 3431 475 3516 262)
498 3430 640 3494 voculae.
684 3429 733 3497 Ut
756 3429 841 3494 enim
879 3428 961 3493 haec
987 3429 1147 3514 particula
1180 3429 1280 3515 signi·

158 3543 268 3625 'ficat,
293 3564 324 3607 v.
348 3540 410 3606 262
442 3562 569 3604 causam
602 3520 779 3622 continere,
803 3563 861 3603 cur
883 3559 976 3603 senes
1001 3547 1116 3625 putent
1145 3538 1214 3603 fore'
1245 3549 1282 3602 ut

180 3651 282 3738 pluet,
304 3650 349 3714 ita
371 3671 400 3714 v.
423 3647 486 3712 260
506 3647 561 3713 καὶ
581 3648 688 3730 docet,
713 3647 748 3710 id
781 3647 868 3730 quod
898 3647 947 3710 his
972 3647 1098 3711 duobus
1131 3647 1280 3712 versibus

180 3762 404 3845 contineatur,
427 3759 551 3847 aliquid
575 3761 651 3824 novi
679 3768 711 3822 et
733 3759 773 3822 ab
797 3779 835 3821 eo
858 3759 945 3841 quod
969 3757 1134 3822 antecedit
1159 3757 1280 3822 diversi

181 3871 323 3937 adferre.
374 3869 489 3935 Totius
522 3869 624 3954 igitur
657 3867 721 3932 loci
756 3866 836 3930 ratio
871 3865 952 3930 haec
986 3875 1044 3930 est.
1089 3867 1176 3930 Puer
1208 3887 1280 3932 sese

180 3981 300 4045 iterum
324 3989 389 4043 tam
413 3980 559 4064 graviter
593 3976 742 4068 punitum
777 3975 911 4040 chorum
947 3973 1087 4039 lucernis
1111 3975 1280 4041 exstinctis

178 4091 216 4155 in
240 4090 384 4154 tenebris
409 4099 441 4153 et
455 4089 524 4154 luto
538 4087 730 4152 relicturum
754 4107 826 4149 esse
841 4085 997 4164 minatum
1020 4083 1072 4147 cui
1083 4105 1196 4167 senex,
1219 4107 1282 4171 qua

181 4201 230 4266 sui
259 4197 380 4266 fiducia
406 4197 532 4262 iudices
564 4198 662 4262 etiam
684 4193 927 4282 potentissimos
951 4192 1100 4256 homines
1126 4193 1279 4258 condem·

181 4333 259 4375 nare
282 4307 428 4374 consueti
451 4329 521 4372 esse
545 4307 672 4372 solent:
697 4305 822 4389 ,Mihr-
842 4303 949 4391 inquit
972 4312 1025 4386 ,te
1047 4303 1144 4368 etiam
1166 4313 1279 4390 poten-

693 4417 697 4425 ’
1064 4417 1080 4470 2
