3112 5062
719 393 759 457 et

189 576 352 644 diversam
377 594 447 643 esse
471 577 631 643 rationem
654 598 750 642 nemo
786 597 853 642 non
884 576 1061 664 intellegit.
1103 573 1172 644 Sed
1208 575 1289 640 haec

190 685 377 752 emendatio
400 709 468 753 non
489 687 596 752 solum
623 667 694 752 non.
711 686 896 752 necessaria
918 705 990 752 esse
1010 686 1153 770 videtur,
1173 707 1288 750 verum

188 793 287 860 etiam
304 805 417 882 aperte
431 785 511 860 falsa
524 806 583 861 ost.
607 795 730 862 Eadem
754 796 841 861 enim
854 794 997 860 omnium
1014 793 1201 880 quicunque
1222 793 1287 858 huc

187 905 354 994 pertinent
365 905 511 970 locorum
525 903 711 992 congeries,
726 907 836 994 inqua
847 905 1005 989 nituntur,
1027 924 1109 990 quae
1123 926 1221 992 supra
1245 903 1288 968 de

117 1059 121 1066 -
166 1029 168 1034 '
189 1009 303 1099 ὥσπερ
325 1014 505 1102 particulae
528 1038 588 1080 usu
618 1014 864 1104 disputavimus,
887 1016 982 1080 etiam
1006 1014 1069 1080 hoc
1091 1035 1144 1080 me
1168 1013 1288 1096 docuit,

189 1124 447 1212 Aristophanem
480 1125 681 1190 substantivo
705 1147 778 1190 cum
801 1118 915 1209 ὥσπερ
947 1123 1120 1189 coniuncto
1145 1112 1191 1188 dv
1213 1145 1289 1211 par-

188 1232 337 1322 ticipium
365 1233 547 1319 adiungere
577 1234 740 1320 noluisse,
762 1234 821 1300 sed
850 1230 966 1317 ὥσπερ
1000 1253 1074 1298 cum
1103 1231 1193 1297 nudo
1223 1255 1288 1296 ma·

187 1342 286 1409 luisse
308 1342 508 1428 coniungere
529 1343 746 1409 substantivo.
770 1342 839 1410 Sed
851 1353 887 1409 ut
907 1343 983 1408 huie
1007 1341 1212 1408 coniecturae
1233 1340 1290 1406 lex

188 1475 284 1540 quam
309 1451 380 1540 ipse
403 1461 499 1540 pocta
531 1451 592 1518 sibi
615 1453 764 1542 scripsit,
788 1454 833 1519 ita
856 1452 1031 1534 Meinekii,
1055 1476 1074 1516 a
1096 1473 1159 1536 qua
1180 1448 1290 1515 exorsi

188 1583 316 1644 sumus,
354 1560 417 1626 alia
450 1561 506 1626 lex
543 1562 670 1646 obstat,
717 1585 812 1651 quam
843 1573 900 1647 tu,
933 1562 959 1627 si
1004 1561 1038 1626 in
1063 1559 1287 1648 Aristophane

188 1670 337 1736 criticum
371 1692 471 1755 agere
493 1671 654 1754 volueris,
675 1671 761 1737 bene
782 1693 862 1758 ages
885 1671 912 1736 si
934 1670 1055 1756 ubique
1088 1668 1286 1734 observabis.

189 1779 273 1849 Cum
309 1780 395 1845 anim
430 1779 464 1845 in
499 1779 728 1868 Aristophanis
768 1779 899 1846 dicendi
939 1803 1000 1846 usu
1044 1778 1109 1844 dici
1146 1786 1287 1862 nequeat

132 1965 135 1974 ¹
191 1899 310 1977 quanta
334 1889 376 1954 sit
399 1889 589 1972 constantia,
612 1907 680 1956 non
711 1883 815 1955 solum
837 1890 1017 1956 cavendum
1044 1897 1103 1974 est,
1125 1911 1178 1970 nc,
1200 1887 1287 1973 quod

189 1998 230 2063 ab
255 2021 316 2062 usu
341 2007 456 2086 poetae
489 1998 671 2084 abhorreat,
691 2000 745 2064 vel
767 2023 786 2064 a
808 1999 975 2065 codicibus
994 1997 1151 2064 traditum
1176 2007 1287 2062 tenea·

191 2129 264 2173 mus
293 2107 346 2172 vel
379 2108 466 2174 ultro
501 2087 709 2195 recipiamus,
745 2129 858 2174 verum
893 2108 1007 2193 etiam,
1041 2130 1100 2193 ne,
1136 2108 1221 2196 quod
1258 2107 1289 2172 ei

188 2217 328 2304 egregie
353 2213 539 2303 conveniat,
571 2216 637 2283 levi
666 2217 774 2282 animo
804 2233 1039 2283 removeamus.
1085 2217 1187 2302 Atqui
1209 2208 1288 2300 ἀνήρ

190 2323 343 2390 vocabuli
374 2348 447 2391 cum
469 2323 572 2411 γέρων
594 2325 778 2390 coniunctio
800 2324 888 2413 apud
909 2323 1164 2409 Aristophanem
1187 2326 1290 2390 usita-

189 2429 313 2498 tissima
337 2443 402 2517 est,
428 2433 493 2501 vid.
515 2427 594 2523 ἀνὴρ
614 2435 718 2522 γέρων
738 2435 819 2501 Ran.
843 2434 912 2500 139.
935 2433 1111 2514 Plutone,
1138 2434 1290 2521 γέροντας

188 2529 306 2630 dudeco
327 2545 414 2613 Ach.
428 2546 499 2625 679,
520 2543 668 2632 γέροντες
688 2536 804 2632 ἄνδρες
818 2543 903 2611 Plut.
920 2544 991 2628 628,
1013 2543 1116 2630 γέρων
1136 2535 1217 2632 simio
1240 2535 1298 2610 ib.⁴

191 2649 278 2721 1066.
321 2653 412 2741 Ergo
440 2651 593 2740 γέροντας
625 2643 744 2740 deripere
772 2653 947 2719 tuebimur.
999 2652 1285 2740 circumspicienti

189 2779 268 2827 vcro
300 2786 363 2851 quo
396 2763 458 2828 alio
488 2762 647 2828 vocabulo
681 2771 814 2828 extruso
847 2751 943 2840 dacer
974 2763 1008 2829 in
1038 2762 1124 2826 hune
1154 2784 1285 2830 versum

97 2942 101 2950 ,
187 2871 301 2938 reduci
324 2872 439 2960 possit,
461 2893 517 2938 sua
541 2881 657 2960 sponte
679 2870 767 2938 ἐστιν
789 2870 950 2953 occurrit,
977 2871 1062 2960 quod
1086 2872 1174 2959 apud
1195 2867 1284 2952 εἰκός

189 2979 260 3046 tere
280 2981 448 3065 omittitur,
472 2991 506 3046 et
525 2981 588 3048 hoe
607 2982 681 3047 loco
700 2981 735 3047 in
756 2981 945 3048 Ravennate
965 2981 1086 3048 frustra
1107 2981 1282 3070 quaeritur.

188 3083 302 3180 Itaque
324 3091 380 3156 vix
401 3090 542 3158 dubitari
563 3101 681 3180 potest,
704 3091 784 3177 quin
805 3091 1044 3179 Aristophanes
1066 3085 1253 3180 scripserit:
1305 3097 1311 3110 ⁶

312 3194 357 3280 ὦς
378 3196 469 3280 εἰκὸς
491 3192 615 3280 ὄντας
638 3192 796 3280 ἀσθενεῖς
819 3200 973 3287 γέροντας
993 3191 1112 3284 dodoau
1133 3193 1204 3289 ἤδη.
1225 3241 1265 3250 -

285 3310 410 3377 Eadem
443 3305 638 3376 emendandi
669 3311 721 3375 via
751 3309 968 3396 ingredienda
990 3320 1039 3376 est
1062 3309 1171 3376 Plut.
1194 3311 1285 3396 1122,

186 3421 242 3488 ubi
268 3421 368 3508 vulgo
388 3420 530 3508 legitur:

312 3524 454 3615 ἰσχάδας,
475 3523 524 3598 do*
548 3519 636 3610 ελκὸς
657 3525 745 3598 ἔστιν
766 3523 886 3618 Ἑρμῆν
909 3528 1045 3598 ἐσθίειν.

286 3640 438 3727 Apparet
468 3639 555 3704 enim
587 3640 792 3706 enuntiatum
815 3639 903 3727 quod
934 3648 984 3706 est
1006 3635 1055 3707 δυ’
1079 3633 1167 3719 εἰκός
1197 3636 1286 3706 ἐστιν

183 3743 302 3836 Ἑρμῆν
334 3747 461 3815 ἐσθίειν
493 3773 511 3813 a
542 3759 640 3838 poeta
673 3749 748 3815 ideo
787 3747 950 3814 adiectum
983 3769 1076 3832 esse,
1110 3750 1286 3815 ut'omnia

187 3879 401 3947 quaecunque
434 3859 562 3945 reliqua
596 3868 706 3924 essent
736 3859 882 3924 breviter
913 3859 1284 3958 comprehenderentur.

185 3968 228 4034 In
253 3967 373 4035 talibus
394 3990 472 4034 vero
496 3965 844 4054 comprehensionibus
867 3966 946 4052 quid
964 3991 1042 4034 usus
1056 3967 1284 4054 Aristophanis

185 4076 339 4166 postulet,
360 4098 404 4143 ex
425 4077 476 4144 his
500 4077 662 4164 exemplis
675 4075 757 4143 disci
770 4085 894 4164 potest:
917 4075 1078 4143 Plutone
1099 4076 1154 4143 καὶ
1168 4066 1282 4142 τᾶλλ’

186 4183 240 4256 dc‘
263 4186 351 4255 ἐστὶν
373 4183 468 4254 ἔνδον
489 4179 729 4274 ηὐτρεπισμένα
736 4237 746 4272 ,
764 4186 853 4254 Eecl.
869 4187 932 4254 598
954 4182 1013 4277 τὴν
1033 4189 1091 4276 γῆν
1110 4181 1283 4272 πρώτιστα

185 4292 317 4386 ποιήσω
348 4293 459 4384 κοινὴν
489 4293 623 4363 πάντων
649 4297 704 4364 καὶ
732 4289 914 4385 τᾶγρολκων
941 4297 994 4364 καὶ
1025 4287 1129 4364 τᾶλλ’
1165 4291 1281 4364 ὃπόσ’
