3112 5062
865 408 908 474 20

336 593 392 656 vel
419 591 551 658 vocales
584 592 725 658 habeant
757 617 798 658 ια
830 593 898 659 sive
921 619 958 660 ro
984 593 1036 658 vel
1063 616 1240 660 consonam
1265 592 1315 678 ῥ“,
1336 592 1426 658 homo

336 699 543 766 doctissimus
567 702 758 787 suspicatur,
784 704 917 786 ,harum
940 704 1119 768 litterarum
1139 701 1428 790 pronuntiationem

335 806 486 874 habuisse
523 809 659 894 aliquid,
693 809 782 874 uude
813 811 994 876 communis
1022 812 1158 899 regulae
1188 810 1322 876 violatio
1346 833 1427 875 com-

338 917 435 983 modo
455 917 585 984 veniam
614 919 807 1002 inveniret“,
839 921 926 1004 qnod
957 921 1051 1005 quale
1078 919 1177 985 fuerit
1198 941 1264 984 non
1288 919 1427 1004 exponit.

339 1027 387 1090 At
409 1027 493 1092 iusto
518 1026 622 1092 levius
646 1027 788 1092 rationes
810 1029 976 1094 subduxit.
1022 1029 1165 1094 Primum
1186 1027 1272 1092 enim
1297 1027 1427 1092 comico-

338 1158 411 1200 rnm
433 1136 523 1201 locos
540 1159 610 1203 ¹non
632 1135 773 1200 debebat
794 1135 828 1201 in
848 1157 980 1200 censum
1000 1157 1134 1218 vocare;
1156 1135 1275 1200 deinde
1299 1136 1326 1200 si
1347 1136 1428 1224 apud

337 1244 481 1328 tragicos
502 1245 709 1331 septuaginta
737 1246 890 1332 exempla
916 1255 1029 1310 extant
1062 1245 1185 1309 solutae
1219 1245 1350 1329 quintae
1372 1246 1428 1309 tri-

335 1352 430 1418 metri
451 1374 572 1438 arseos,
595 1364 692 1439 atque
710 1376 752 1418 ex
772 1354 823 1418 his
844 1355 1016 1439 sexaginta
1039 1364 1124 1436 sunt,
1147 1354 1203 1419 ubi
1225 1355 1265 1418 ab
1289 1354 1348 1418 hac
1367 1355 1426 1418 arsi

334 1483 455 1527 novum
478 1463 672 1528 vocabulum
696 1463 877 1547 exorditur,
909 1463 1029 1528 indenc
1058 1464 1279 1548 consequitur,
1302 1464 1364 1529 hoc
1385 1485 1426 1528 ex

336 1573 413 1657 lege
437 1595 531 1658 qnam
564 1573 678 1658 tragici
710 1573 772 1638 sibi
796 1573 987 1660 scripserint
1009 1573 1053 1637 ita
1077 1574 1198 1638 factum
1210 1624 1219 1658 ,
1242 1571 1354 1638 decem
1376 1574 1427 1657 qui

334 1689 458 1746 restant
478 1703 592 1746 versus
619 1682 829 1770 exceptiones
852 1683 949 1747 esse?
973 1681 1014 1746 Et
1027 1683 1130 1769 qualis
1145 1682 1226 1747 haec
1248 1682 1303 1746 lex
1317 1681 1428 1746 fueriti

338 1788 376 1856 Si
414 1791 532 1856 licebat
572 1799 647 1856 ante
686 1790 836 1855 ultimum
870 1791 988 1877 pedem
1021 1791 1216 1856 vocabulum
1250 1791 1430 1872 conlocare,

339 1898 425 1982 quod
448 1899 501 1962 vel
524 1898 622 1962 iambi
654 1900 708 1964 vel
744 1899 882 1987 spondei
903 1899 958 1963 vel
992 1899 1103 1964 cretici
1124 1921 1310 1978 mensuram
1333 1921 1427 1964 exae-

334 2015 458 2092 quaret,
479 2031 537 2072 cur
563 2030 630 2074 non
649 2007 739 2091 item,
756 2008 850 2093 quod
872 2007 1011 2072 tribachi
1036 2009 1090 2072 vel
1113 2009 1235 2093 dactyli
1255 2010 1308 2073 vel
1330 2031 1431 2098 paco-

335 2118 387 2182 nis
408 2116 529 2204 primi?
575 2108 673 2200 Quid,
695 2128 731 2182 ut
754 2118 906 2204 exemplo
932 2127 1014 2200 utar,
1028 2141 1059 2185 ‚a
1084 2117 1210 2183 ratione
1232 2117 1429 2205 reprehendi

335 2234 443 2313 potest
477 2226 510 2290 in
542 2225 703 2310 Aeschyli
725 2226 818 2292 Eum.
840 2227 899 2290 783
924 2217 991 2290 etr
1027 2224 1063 2291 ἐκ
1093 2221 1173 2304 Διὸς
1203 2221 1263 2311 γὰρ
1296 2221 1431 2310 λαμπρὰ

334 2328 495 2420 μαρτύρια
514 2335 648 2420 arnaria?
670 2335 754 2402 Cum
779 2335 880 2418 igitur
904 2335 986 2400 haec
1007 2335 1064 2400 lex
1088 2357 1148 2399 uec
1171 2357 1231 2422 per
1252 2357 1287 2399 se
1312 2335 1429 2422 proba-

332 2442 406 2508 bilis
430 2443 471 2508 sit
493 2451 599 2530 neque
620 2443 706 2509 inter
728 2465 899 2508 nnmerum
925 2465 1036 2509 eornm
1060 2445 1218 2526 locorum,
1238 2443 1293 2508 ubi
1317 2443 1431 2508 obser·
1551 2517 1552 2532 ,

335 2563 411 2618 vata
431 2563 490 2635 est,
513 2563 609 2637 atque
634 2575 758 2638 eornm,
788 2553 841 2640 qni
870 2553 899 2617 ei
922 2553 1222 2641 repugnantium
1251 2553 1434 2632 intercedat
1551 2547 1552 2576 l

330 2663 430 2747 ratio,
462 2672 530 2726 tota
560 2662 616 2746 illa
638 2661 780 2727 Seidleri
813 2663 854 2726 de
875 2687 919 2746 ac,
940 2687 982 2741 ιο,
1005 2687 1052 2747 ep,
1076 2687 1114 2747 ορ
1138 2661 1320 2727 litterarum
1350 2682 1428 2747 pro-

331 2773 534 2838 nuntiatione
556 2773 717 2838 sententia
738 2773 824 2837 omni
848 2774 1059 2838 fundamento
1081 2781 1179 2838 caret.
1202 2770 1426 2838 Nihilominus

329 2883 364 2948 in
397 2882 458 2946 hac
486 2882 671 2968 periculosa
702 2881 754 2946 via
785 2905 918 2948 securus
950 2903 1147 2969 progressus
1180 2889 1229 2944 est
1252 2879 1428 2946 Eduardus

329 2989 570 3068 Wunder¹).
615 2987 698 3056 Cum
728 2990 816 3054 enim
836 2989 978 3058 Seidleri
1003 2979 1113 3076 legem
1134 3013 1153 3052 a
1175 2988 1287 3076 quinta
1328 2988 1428 3052 etiaur

296 3130 298 3134 v
328 3098 361 3161 in
395 3107 519 3162 ceteras
556 3097 693 3165 trimetri
728 3097 823 3162 sedes
856 3098 1091 3182 transtulisset,
1124 3096 1431 3184 eique·nonnullos

330 3206 420 3270 locos
432 3225 619 3292 repugnare
633 3204 770 3290 videret,
793 3227 859 3270 nou
872 3206 975 3270 solum
1000 3205 1041 3269 ad
1066 3205 1202 3270 candem
1222 3187 1287 3284 {aa}
1309 3189 1369 3288 mg]
1391 3189 1430 3270 io}

327 3315 506 3378 litterarum
539 3313 652 3378 miram
677 3315 974 3401 pronuntiationem
1000 3314 1150 3401 confugit
1171 3324 1204 3380 et
1224 3314 1350 3400 πατέρα
1373 3315 1426 3379 bi-

327 3426 505 3511 syllabnm,
537 3417 709 3513 ἆμφὸτερα
730 3404 937 3508 trisyllabum
969 3447 1040 3490 esse
1062 3424 1175 3508 voluit,
1195 3447 1307 3490 verum
1328 3424 1432 3489 etiam

328 3533 549 3621 „pronominis
573 3533 623 3611 τίς
650 3533 769 3597 formas
794 3533 865 3598 τίνα
888 3543 920 3598 et
939 3533 1002 3599 τίνι
1036 3534 1082 3598 sic
1111 3533 1212 3599 fuisse
1235 3534 1430 3622 pronuntia·

323 3653 385 3736 tos,
407 3652 442 3708 ut
463 3643 558 3707 unius
574 3643 643 3708 fere
666 3643 811 3728 syllabae
835 3643 936 3708 instar
955 3653 1081 3708 essenta
1106 3643 1201 3709 nobis
1223 3642 1429 3732 persuadere

326 3761 460 3816 conatus
484 3761 542 3818 est.
586 3752 717 3816 Vellem
741 3751 895 3818 homines
918 3751 1125 3817 doctissimos
1154 3751 1430 3839 apernisse,an

325 3860 389 3924 alio
412 3861 509 3926 modo
531 3856 691 3945 μαρτύρια
706 3861 760 3924 vel
772 3853 944 3949 ἀμφότερα
959 3885 977 3926 a
993 3859 1097 3946 poetis
1119 3861 1153 3925 iu
1174 3883 1303 3926 versum
1319 3860 1431 3948 recipi

326 3970 509 4057 potuissent
534 3970 596 4035 nisi
620 3970 664 4034 ita
684 3980 721 4034 nt
742 3970 782 4034 ab
804 3993 868 4034 nna
889 3971 952 4036 arsi
975 3969 1015 4060 ad
1041 3970 1176 4036 alteram
1208 3969 1431 4058 pertinerent.

325 4082 438 4166 Atque
459 4080 540 4144 haec
570 4089 640 4144 erat
668 4081 730 4166 qua
763 4080 846 4145 falsa
874 4079 1027 4168 opinione
1058 4088 1189 4167 captum
1217 4078 1318 4144 fuisse
1348 4077 1426 4144 dixi

425 4323 449 4393 1)
468 4323 585 4378 Advers.
607 4323 635 4376 in
655 4321 739 4391 Soph.
758 4319 877 4377 Philoct.
895 4339 923 4392 p.
936 4323 970 4376 23
981 4337 1022 4392 aq.
