3112 5062
740 376 782 444 29

308 562 430 630 Nullus
460 563 562 648 igitur
586 563 717 649 dubito,
751 565 830 649 quin
857 564 1099 653 Aristophanes
1131 567 1186 631 vel
1221 565 1308 652 quod

212 671 357 739 Cobetus
378 672 432 736 vel
459 673 545 760 quod
569 673 753 738 Meinekius
778 673 937 756 coniecit,
960 696 996 738 re
1019 697 1097 739 vera
1130 675 1308 762 scripserit.

210 783 326 866 Itaque
350 781 415 846 iam
430 781 706 870 deprehendimus
727 805 826 846 uuum
849 792 897 850 sat
917 793 1042 848 eertum
1062 783 1131 848 eius
1153 805 1306 850 versuum

209 889 342 977 genonis
364 891 562 979 exemplum,
591 891 677 975 quod
699 891 836 978 Reisigii
860 902 893 956 ot
924 903 1050 958 nostras
1075 915 1170 958 aures
1200 903 1304 958 tauto·

206 1021 289 1089 pere
313 999 461 1066 offendit.
505 1000 571 1069 Sed
596 1001 692 1065 etiam
716 1001 855 1066 certiora
876 1003 955 1066 haee
980 1003 1156 1068 accedunt:

263 1159 267 1166 ·
334 1125 417 1190 Aeh.
439 1125 502 1190 538
527 1116 585 1190 οὐκ
609 1118 774 1212 ἠθέλομεν
794 1126 821 1191 δ’
848 1121 943 1212 ἡμεῖς
965 1125 1185 1211 δεομένων
1205 1126 1306 1191 πολ-

1039 1232 1157 1316 λάκις

333 1343 481 1410 ib.1022
512 1345 546 1410 τί
566 1347 597 1430 ,δ’
630 1343 781 1424 έπαθεςς
821 1385 847 1392 -
881 1346 1054 1432 ἐπετρίβην
1085 1339 1308 1428 ἀπολέσας

1004 1453 1059 1522 τιδ
1082 1452 1156 1540 βόε

334 1566 395 1652 Eq.
411 1566 469 1631 113
492 1565 573 1654 φέρε
596 1590 651 1630 νον
667 1561 867 1651 έγιδ’γιαοτῷ
890 1560 1124 1652 προςαγάγω
1146 1561 1217 1632 τδν
1234 1562 1308 1649 χόα

336 1673 379 1738 ib.
409 1675 491 1738 1374
527 1677 594 1738 ποῖ’
634 1675 715 1760 disce
754 1675 961 1761 Κλεισθένης
997 1667 1199 1761 ἀγοράσει
1238 1677 1306 1742 καί

965 1780 1157 1869 Στράτων

336 1891 411 1958 Pae.
422 1892 484 1956 439
504 1887 612 1975 μὰΛί
631 1883 699 1957 ἄλλ’
723 1888 879 1983 ἐνείρήνη
895 1895 1109 1981 διαγαγεῖν
1129 1891 1201 1962 τδν
1213 1895 1307 1979 βίον

335 2000 398 2064 Av.
432 1999 512 2065 1290
548 1992 802 2087 ὠρνιθομάνουν
832 2003 859 2068 δ’
897 1998 983 2068 οὕτω
1024 2008 1307 2093 περιφανῶς

955 2107 1064 2179 ὥστε
1086 2114 1154 2179 καὶ

334 2217 376 2284 ib.
401 2220 477 2288 1401
514 2216 665 2306 χαρίεντά
694 2221 721 2305 γ’
753 2207 779 2284 ιδ
812 2223 967 2306 πρεσβῦτ’
1002 2221 1200 2312 ἐσοφίσω
1233 2223 1304 2290 καί

1037 2327 1155 2420 σοφά

332 2440 374 2505 ib.
401 2441 481 2506 1406
503 2440 730 2530 Λεωτροφίδῃ
752 2437 851 2527 χορὸν
873 2441 1112 2525 πετομένων
1131 2433 1284 2527 ὀρνέων

334 2548 422 2615 Eeel.
449 2552 511 2617 543
537 2541 655 2617 οἷίκοον
686 2552 799 2635 λαβεῖν
829 2552 855 2636 γ’
888 2543 987 2630 adedo
1013 2547 1219 2638 ἐδυνάμην
1242 2543 1304 2618 od-

1014 2661 1154 2745 δαμοῦ

331 2771 415 2837 Plut.
427 2771 490 2837 664
501 2758 582 2857 ἦσαν
594 2770 630 2837 δέ
642 2797 728 2849 τινες
742 2762 855 2838 κάλλει
870 2766 1058 2854 δεόμενοι
1078 2774 1152 2836 τοῦ
1165 2774 1266 2837 θεοῦ
1279 2773 1304 2851 ¹)

331 2879 373 2945 ib.
397 2879 459 2943 720
478 2879 531 2944 καί
554 2885 664 2961 σχῖνον
687 2872 745 2946 εἶτ’
772 2871 840 2962 δ’ξει
863 2879 901 2946 di
909 2904 1056 2964 εμενος
1080 2879 1280 2969 σφηττίιγ.

304 2987 396 3053 Haec
429 2987 602 3054 duodecim
638 2990 789 3076 exempla
825 2991 963 3064 docent,
993 2990 1033 3054 ab
1068 2988 1299 3078 Aristophanis

206 3108 295 3162 eerte
316 3097 449 3163 metrica
470 3108 555 3179 ,arte
578 3123 644 3165 non
668 3100 732 3165 iam
751 3109 853 3188 'posse
882 3098 1068 3188 improbari,
1090 3121 1171 3185 quos
1194 3120 1302 3165 emen-

205 3205 328 3272 dandos
344 3228 422 3272 ¹esse
452 3231 550 3295 supro
580 3209 674 3273 nobis
700 3231 891 3296 persuasum
917 3217 996 3290 erat,
1019 3207 1175 3292 Equitum
1198 3206 1303 3290 illum,

197 3314 291 3410 ⁴unde
312 3316 421 3382 exorsi
446 3338 556 3382 sumus
579 3328 612 3381 et
633 3316 754 3382 Avium
773 3339 914 3381 versum.
954 3316 1062 3401 Atque
1086 3315 1146 3378 hoe
1169 3313 1301 3401 quidem

203 3424 275 3489 loeo
297 3449 369 3490 eum
393 3427 461 3490 solo
481 3426 609 3490 aurium
632 3424 813 3490 offensione
836 3423 987 3490 commoti
1005 3419 1044 3489 στ’·
1067 3420 1300 3508 expellendum

202 3555 275 3599 esse
298 3535 533 3618 censuerimus,
566 3536 624 3601 has
647 3557 725 3599 vero
758 3556 818 3623 pro
844 3534 1064 3622 Aristophane
1097 3531 1192 3597 nimis
1226 3532 1299 3596 sub-

202 3639 275 3707 tiles
287 3641 389 3707 fuisse
404 3642 608 3708 intellectum
631 3642 671 3707 sit
684 3641 724 3725 ²),
746 3641 983 3706 restituendum
999 3641 1062 3704 erit
1084 3639 1171 3724 quod
1195 3638 1296 3724 vulgo

201 3749 391 3837 legebatur:

201 3911 405 3928 ὴ--ιι-ο

304 4016 328 4076 1)
347 4013 427 4066 Huue
446 4030 556 4067 versum
576 4010 686 4066 Carioni
708 4009 929 4064 continuandum
949 4026 1009 4063 esse
1029 3993 1167 4064 existimo.

300 4113 327 4176 2)
349 4108 467 4165 Omnino
496 4107 670 4180 experientia
695 4107 796 4161 iterum
816 4110 898 4174 utque
917 4106 1019 4159 iterum
1046 4121 1091 4158 me
1110 4104 1214 4172 docuit,
1236 4105 1301 4158 Ari-

201 4204 369 4276 stophanem
386 4205 417 4260 in
428 4205 554 4260 versibus
564 4204 718 4275 pangendis
736 4221 792 4258 non
811 4219 871 4257 eam
888 4201 1064 4272 diligentiam
1075 4200 1200 4270 posuisse
1217 4218 1300 4270 quem

200 4301 360 4374 suspiceris,
378 4301 516 4372 nobisque
539 4284 693 4357 cavendum
709 4318 779 4366 esse,
798 4317 832 4353 ne
854 4297 928 4368 quod
940 4297 1053 4352 auribus
1072 4296 1177 4352 uostris
1196 4295 1298 4368 displi-
