<?xml version="1.0" encoding="UTF-8"?>
<!DOCTYPE html PUBLIC "-//W3C//DTD XHTML 1.0 Transitional//EN"
    "http://www.w3.org/TR/xhtml1/DTD/xhtml1-transitional.dtd">
<html xmlns="http://www.w3.org/1999/xhtml" xml:lang="en" lang="en">
 <head>
  <title>
</title>
<meta http-equiv="Content-Type" content="text/html;charset=utf-8" />
  <meta name='ocr-system' content='tesseract 3.04.00' />
  <meta name='ocr-capabilities' content='ocr_page ocr_carea ocr_par ocr_line ocrx_word'/>
</head>
<body>
  <div class='ocr_page' id='page_1' title='image "./deravennateetve01bambgoog_0026.png"; bbox 0 0 3112 5062; ppageno 0'>
   <div class='ocr_carea' id='block_1_1' title="bbox 682 397 721 462">
    <p class='ocr_par' dir='ltr' id='par_1_1' title="bbox 682 397 721 462">
     <span class='ocr_line' id='line_1_1' title="bbox 682 397 721 462; baseline 0.051 -2"><span class='ocrx_word' id='word_1_1' title='bbox 682 397 721 462; x_wconf 81' lang='lat'><strong>17</strong></span> 
     </span>
    </p>
   </div>
   <div class='ocr_carea' id='block_1_2' title="bbox 142 581 1246 1649">
    <p class='ocr_par' dir='ltr' id='par_1_2' title="bbox 142 581 1246 1649">
     <span class='ocr_line' id='line_1_2' title="bbox 145 581 1245 668; baseline -0.001 -18"><span class='ocrx_word' id='word_1_2' title='bbox 145 609 227 650; x_wconf 88' lang='lat' dir='ltr'><strong>rum.</strong></span> <span class='ocrx_word' id='word_1_3' title='bbox 279 585 355 652; x_wconf 92' lang='lat' dir='ltr'><strong>Duo</strong></span> <span class='ocrx_word' id='word_1_4' title='bbox 380 604 512 647; x_wconf 86' lang='lat' dir='ltr'><strong>monere</strong></span> <span class='ocrx_word' id='word_1_5' title='bbox 535 583 635 666; x_wconf 90' lang='lat' dir='ltr'><strong>libet,</strong></span> <span class='ocrx_word' id='word_1_6' title='bbox 670 583 786 668; x_wconf 86' lang='lat' dir='ltr'><strong>quibus</strong></span> <span class='ocrx_word' id='word_1_7' title='bbox 807 581 870 648; x_wconf 88' lang='lat' dir='ltr'><strong>hee</strong></span> <span class='ocrx_word' id='word_1_8' title='bbox 892 582 1069 648; x_wconf 81' lang='lat' dir='ltr'><strong>discrimen</strong></span> <span class='ocrx_word' id='word_1_9' title='bbox 1091 583 1245 649; x_wconf 88' lang='lat' dir='ltr'><strong>inlustre·</strong></span> 
     </span>
     <span class='ocr_line' id='line_1_3' title="bbox 144 690 1244 778; baseline 0.002 -22"><span class='ocrx_word' id='word_1_10' title='bbox 144 703 214 778; x_wconf 81' lang='lat' dir='ltr'><strong>tur3</strong></span> <span class='ocrx_word' id='word_1_11' title='bbox 236 716 347 775; x_wconf 90' lang='lat' dir='ltr'><strong>unum,</strong></span> <span class='ocrx_word' id='word_1_12' title='bbox 372 715 408 756; x_wconf 78' lang='lat' dir='ltr'><strong>aa</strong></span> <span class='ocrx_word' id='word_1_13' title='bbox 431 690 541 756; x_wconf 85' lang='grc' dir='ltr'><em>-καί</em></span> <span class='ocrx_word' id='word_1_14' title='bbox 562 691 797 778; x_wconf 89' lang='lat' dir='ltr'><strong>particularum</strong></span> <span class='ocrx_word' id='word_1_15' title='bbox 820 691 1057 757; x_wconf 86' lang='lat' dir='ltr'><strong>coniunctionis</strong></span> <span class='ocrx_word' id='word_1_16' title='bbox 1079 692 1113 756; x_wconf 92' lang='lat' dir='ltr'><strong>in</strong></span> <span class='ocrx_word' id='word_1_17' title='bbox 1133 692 1244 758; x_wconf 85' lang='lat' dir='ltr'><strong>trima·</strong></span> 
     </span>
     <span class='ocr_line' id='line_1_4' title="bbox 146 797 1244 878; baseline 0 -14"><span class='ocrx_word' id='word_1_18' title='bbox 146 802 204 866; x_wconf 88' lang='lat' dir='ltr'><strong>tris</strong></span> <span class='ocrx_word' id='word_1_19' title='bbox 226 798 376 866; x_wconf 83' lang='lat' dir='ltr'><strong>iambicis</strong></span> <span class='ocrx_word' id='word_1_20' title='bbox 399 797 575 862; x_wconf 83' lang='lat' dir='ltr'><strong>admodum</strong></span> <span class='ocrx_word' id='word_1_21' title='bbox 595 821 704 862; x_wconf 90' lang='lat' dir='ltr'><strong>rarum</strong></span> <span class='ocrx_word' id='word_1_22' title='bbox 725 819 797 861; x_wconf 85' lang='lat' dir='ltr'><strong>esse</strong></span> <span class='ocrx_word' id='word_1_23' title='bbox 819 821 922 878; x_wconf 88' lang='lat' dir='ltr'><strong>usum,</strong></span> <span class='ocrx_word' id='word_1_24' title='bbox 946 798 980 862; x_wconf 92' lang='lat' dir='ltr'><strong>in</strong></span> <span class='ocrx_word' id='word_1_25' title='bbox 993 798 1111 864; x_wconf 88' lang='lat' dir='ltr'><strong>ceteris</strong></span> <span class='ocrx_word' id='word_1_26' title='bbox 1131 801 1244 864; x_wconf 85' lang='lat' dir='ltr'><strong>metris</strong></span> 
     </span>
     <span class='ocr_line' id='line_1_5' title="bbox 147 905 1245 988; baseline -0.001 -14"><span class='ocrx_word' id='word_1_27' title='bbox 147 909 381 974; x_wconf 88' lang='lat' dir='ltr'><strong>creberrimum</strong></span> <span class='ocrx_word' id='word_1_28' title='bbox 397 907 422 988; x_wconf 78' lang='lat'><strong>¹)</strong></span> <span class='ocrx_word' id='word_1_29' title='bbox 434 957 442 988; x_wconf 89' lang='lat'><em>,</em></span> <span class='ocrx_word' id='word_1_30' title='bbox 477 907 614 970; x_wconf 89' lang='lat' dir='ltr'><strong>alterum</strong></span> <span class='ocrx_word' id='word_1_31' title='bbox 648 906 681 971; x_wconf 92' lang='lat' dir='ltr'><strong>in</strong></span> <span class='ocrx_word' id='word_1_32' title='bbox 725 905 991 972; x_wconf 78' lang='lat' dir='ltr'><strong>similitudinibus</strong></span> <span class='ocrx_word' id='word_1_33' title='bbox 1025 908 1058 971; x_wconf 92' lang='lat' dir='ltr'><strong>in</strong></span> <span class='ocrx_word' id='word_1_34' title='bbox 1089 907 1245 973; x_wconf 86' lang='lat' dir='ltr'><strong>trimetris</strong></span> 
     </span>
     <span class='ocr_line' id='line_1_6' title="bbox 144 1010 1246 1103; baseline -0.001 -20"><span class='ocrx_word' id='word_1_35' title='bbox 144 1040 305 1103; x_wconf 84' lang='lat' dir='ltr'><strong>nusquam</strong></span> <span class='ocrx_word' id='word_1_36' title='bbox 337 1011 383 1094; x_wconf 77' lang='grc' dir='ltr'><strong>ὡς</strong></span> <span class='ocrx_word' id='word_1_37' title='bbox 404 1039 464 1103; x_wconf 91' lang='lat' dir='ltr'><strong>pro</strong></span> <span class='ocrx_word' id='word_1_38' title='bbox 496 1010 610 1099; x_wconf 75' lang='grc' dir='ltr'><em>ὥσπερ</em></span> <span class='ocrx_word' id='word_1_39' title='bbox 644 1015 765 1079; x_wconf 88' lang='lat' dir='ltr'><strong>dictum</strong></span> <span class='ocrx_word' id='word_1_40' title='bbox 797 1015 852 1079; x_wconf 86' lang='lat' dir='ltr'><strong>vel</strong></span> <span class='ocrx_word' id='word_1_41' title='bbox 883 1040 933 1093; x_wconf 79' lang='grc' dir='ltr'><strong>τις</strong></span> <span class='ocrx_word' id='word_1_42' title='bbox 965 1016 1127 1081; x_wconf 85' lang='lat' dir='ltr'><strong>adiectum</strong></span> <span class='ocrx_word' id='word_1_43' title='bbox 1163 1039 1246 1101; x_wconf 87' lang='lat' dir='ltr'><strong>csse,</strong></span> 
     </span>
     <span class='ocr_line' id='line_1_7' title="bbox 144 1121 1246 1212; baseline -0.002 -20"><span class='ocrx_word' id='word_1_44' title='bbox 144 1137 258 1192; x_wconf 88' lang='lat' dir='ltr'><strong>contra</strong></span> <span class='ocrx_word' id='word_1_45' title='bbox 281 1126 384 1212; x_wconf 86' lang='lat' dir='ltr'><strong>Vesp.</strong></span> <span class='ocrx_word' id='word_1_46' title='bbox 408 1125 470 1190; x_wconf 81' lang='lat'><strong>694</strong></span> <span class='ocrx_word' id='word_1_47' title='bbox 493 1125 527 1190; x_wconf 89' lang='lat' dir='ltr'><strong>in</strong></span> <span class='ocrx_word' id='word_1_48' title='bbox 549 1133 738 1189; x_wconf 76' lang='lat' dir='ltr'><strong>tetrametro</strong></span> <span class='ocrx_word' id='word_1_49' title='bbox 761 1125 966 1210; x_wconf 85' lang='lat' dir='ltr'><strong>anapaestico</strong></span> <span class='ocrx_word' id='word_1_50' title='bbox 991 1125 1059 1210; x_wconf 83' lang='lat' dir='ltr'><strong>legi</strong></span> <span class='ocrx_word' id='word_1_51' title='bbox 1082 1121 1246 1192; x_wconf 77' lang='grc' dir='ltr'><em>ἐσπουδά-</em></span> 
     </span>
     <span class='ocr_line' id='line_1_8' title="bbox 145 1221 1244 1322; baseline 0.002 -23"><span class='ocrx_word' id='word_1_52' title='bbox 145 1259 244 1300; x_wconf 85' lang='grc' dir='ltr'><em>κατον</em></span> <span class='ocrx_word' id='word_1_53' title='bbox 267 1221 346 1322; x_wconf 75' lang='grc' dir='ltr'><strong>κᾷθ’</strong></span> <span class='ocrx_word' id='word_1_54' title='bbox 372 1229 417 1312; x_wconf 79' lang='grc' dir='ltr'><strong>ὠς</strong></span> <span class='ocrx_word' id='word_1_55' title='bbox 447 1233 582 1318; x_wconf 72' lang='grc' dir='ltr'><em>πρίονθ’</em></span> <span class='ocrx_word' id='word_1_56' title='bbox 607 1228 626 1297; x_wconf 83' lang='grc' dir='ltr'>ὁ</span> <span class='ocrx_word' id='word_1_57' title='bbox 648 1231 708 1316; x_wconf 80' lang='grc' dir='ltr'><strong>μὲν</strong></span> <span class='ocrx_word' id='word_1_58' title='bbox 729 1230 814 1298; x_wconf 77' lang='grc' dir='ltr'><em>ἕλκει</em></span> <span class='ocrx_word' id='word_1_59' title='bbox 842 1228 908 1298; x_wconf 81' lang='grc' dir='ltr'><strong>ὁδ’</strong></span> <span class='ocrx_word' id='word_1_60' title='bbox 939 1225 1175 1315; x_wconf 64' lang='lat' dir='ltr'><strong>danastrum,</strong></span> <span class='ocrx_word' id='word_1_61' title='bbox 1200 1237 1244 1302; x_wconf 91' lang='lat' dir='ltr'><strong>ib.</strong></span> 
     </span>
     <span class='ocr_line' id='line_1_9' title="bbox 142 1335 1245 1430; baseline 0.005 -25"><span class='ocrx_word' id='word_1_62' title='bbox 142 1368 172 1408; x_wconf 86' lang='lat' dir='ltr'><strong>v.</strong></span> <span class='ocrx_word' id='word_1_63' title='bbox 197 1345 278 1408; x_wconf 84' lang='lat'>1490</span> <span class='ocrx_word' id='word_1_64' title='bbox 310 1344 344 1408; x_wconf 91' lang='lat' dir='ltr'><strong>in</strong></span> <span class='ocrx_word' id='word_1_65' title='bbox 376 1342 583 1430; x_wconf 88' lang='lat' dir='ltr'><strong>anapaestico</strong></span> <span class='ocrx_word' id='word_1_66' title='bbox 607 1341 745 1406; x_wconf 86' lang='lat' dir='ltr'><strong>dimetro</strong></span> <span class='ocrx_word' id='word_1_67' title='bbox 779 1335 918 1428; x_wconf 73' lang='grc' dir='ltr'><em>πτήσσει</em></span> <span class='ocrx_word' id='word_1_68' title='bbox 943 1337 1103 1426; x_wconf 74' lang='grc' dir='ltr'><em>Φρύνιχος</em></span> <span class='ocrx_word' id='word_1_69' title='bbox 1126 1338 1171 1422; x_wconf 74' lang='grc' dir='ltr'><strong>είς</strong></span> <span class='ocrx_word' id='word_1_70' title='bbox 1195 1369 1245 1422; x_wconf 81' lang='grc' dir='ltr'><strong>τις</strong></span> 
     </span>
     <span class='ocr_line' id='line_1_10' title="bbox 142 1447 1243 1542; baseline -0.003 -23"><span class='ocrx_word' id='word_1_71' title='bbox 142 1447 301 1538; x_wconf 78' lang='grc' dir='ltr'><em>ἀλέκτωρ,</em></span> <span class='ocrx_word' id='word_1_72' title='bbox 325 1475 368 1519; x_wconf 88' lang='lat' dir='ltr'><strong>ex</strong></span> <span class='ocrx_word' id='word_1_73' title='bbox 391 1455 506 1542; x_wconf 86' lang='lat' dir='ltr'><strong>quibus</strong></span> <span class='ocrx_word' id='word_1_74' title='bbox 530 1453 612 1517; x_wconf 90' lang='lat' dir='ltr'><strong>locis</strong></span> <span class='ocrx_word' id='word_1_75' title='bbox 633 1452 725 1516; x_wconf 91' lang='lat' dir='ltr'><strong>illum</strong></span> <span class='ocrx_word' id='word_1_76' title='bbox 742 1451 919 1535; x_wconf 84' lang='lat' dir='ltr'><strong>aReisigio</strong></span> <span class='ocrx_word' id='word_1_77' title='bbox 940 1450 1103 1535; x_wconf 84' lang='lat' dir='ltr'><strong>(Coniect.</strong></span> <span class='ocrx_word' id='word_1_78' title='bbox 1120 1477 1152 1539; x_wconf 88' lang='lat' dir='ltr'><strong>p.</strong></span> <span class='ocrx_word' id='word_1_79' title='bbox 1167 1453 1243 1536; x_wconf 77' lang='lat'><strong>313)</strong></span> 
     </span>
     <span class='ocr_line' id='line_1_11' title="bbox 142 1559 1244 1649; baseline -0.002 -21"><span class='ocrx_word' id='word_1_80' title='bbox 142 1559 275 1649; x_wconf 75' lang='grc' dir='ltr'><em>χιῖίσπερ</em></span> <span class='ocrx_word' id='word_1_81' title='bbox 308 1563 482 1628; x_wconf 88' lang='lat' dir='ltr'><strong>scribendo</strong></span> <span class='ocrx_word' id='word_1_82' title='bbox 510 1560 716 1626; x_wconf 87' lang='lat' dir='ltr'><strong>emendatum</strong></span> <span class='ocrx_word' id='word_1_83' title='bbox 752 1581 823 1625; x_wconf 86' lang='lat' dir='ltr'><strong>csse</strong></span> <span class='ocrx_word' id='word_1_84' title='bbox 855 1559 950 1625; x_wconf 89' lang='lat' dir='ltr'><strong>etiam</strong></span> <span class='ocrx_word' id='word_1_85' title='bbox 979 1582 1043 1645; x_wconf 88' lang='lat' dir='ltr'><strong>ego</strong></span> <span class='ocrx_word' id='word_1_86' title='bbox 1075 1561 1153 1626; x_wconf 89' lang='lat' dir='ltr'><strong>olim</strong></span> <span class='ocrx_word' id='word_1_87' title='bbox 1176 1561 1244 1649; x_wconf 89' lang='lat' dir='ltr'><strong>opi-</strong></span> 
     </span>
    </p>
   </div>
   <div class='ocr_carea' id='block_1_3' title="bbox 144 1663 1349 1758">
    <p class='ocr_par' dir='ltr' id='par_1_3' title="bbox 144 1663 1349 1758">
     <span class='ocr_line' id='line_1_12' title="bbox 144 1663 1349 1758; baseline -0.002 -20"><span class='ocrx_word' id='word_1_88' title='bbox 144 1685 340 1754; x_wconf 86' lang='lat' dir='ltr'><strong>natussum,</strong></span> <span class='ocrx_word' id='word_1_89' title='bbox 362 1672 465 1736; x_wconf 85' lang='lat' dir='ltr'><strong>altero</strong></span> <span class='ocrx_word' id='word_1_90' title='bbox 499 1671 572 1735; x_wconf 89' lang='lat' dir='ltr'><strong>loco</strong></span> <span class='ocrx_word' id='word_1_91' title='bbox 601 1670 672 1756; x_wconf 91' lang='lat' dir='ltr'><strong>ipse</strong></span> <span class='ocrx_word' id='word_1_92' title='bbox 695 1663 809 1752; x_wconf 76' lang='grc' dir='ltr'><em>ὥσπερ</em></span> <span class='ocrx_word' id='word_1_93' title='bbox 837 1669 1045 1734; x_wconf 88' lang='lat' dir='ltr'><strong>scribendum</strong></span> <span class='ocrx_word' id='word_1_94' title='bbox 1076 1671 1244 1758; x_wconf 84' lang='lat' dir='ltr'><strong>proposui,</strong></span> <span class='ocrx_word' id='word_1_95' title='bbox 1335 1733 1349 1752; x_wconf 71' lang='lat'>‚</span> 
     </span>
    </p>
   </div>
   <div class='ocr_carea' id='block_1_4' title="bbox 109 1772 1246 2735">
    <p class='ocr_par' dir='ltr' id='par_1_4' title="bbox 109 1772 1246 2735">
     <span class='ocr_line' id='line_1_13' title="bbox 144 1772 1244 1870; baseline -0.002 -24"><span class='ocrx_word' id='word_1_96' title='bbox 144 1805 280 1870; x_wconf 88' lang='lat' dir='ltr'><strong>quorum</strong></span> <span class='ocrx_word' id='word_1_97' title='bbox 303 1792 412 1845; x_wconf 91' lang='lat' dir='ltr'><strong>tamen</strong></span> <span class='ocrx_word' id='word_1_98' title='bbox 436 1791 588 1845; x_wconf 90' lang='lat' dir='ltr'><strong>neutrum</strong></span> <span class='ocrx_word' id='word_1_99' title='bbox 610 1788 700 1843; x_wconf 90' lang='lat' dir='ltr'><strong>recte</strong></span> <span class='ocrx_word' id='word_1_100' title='bbox 723 1778 794 1843; x_wconf 85' lang='lat' dir='ltr'><strong>fieri</strong></span> <span class='ocrx_word' id='word_1_101' title='bbox 818 1772 963 1862; x_wconf 79' lang='grc' dir='ltr'><em>δεύτεραι</em></span> <span class='ocrx_word' id='word_1_102' title='bbox 996 1778 1169 1867; x_wconf 75' lang='grc' dir='ltr'><em>φροντίδες</em></span> <span class='ocrx_word' id='word_1_103' title='bbox 1192 1802 1244 1844; x_wconf 90' lang='lat' dir='ltr'><strong>me</strong></span> 
     </span>
     <span class='ocr_line' id='line_1_14' title="bbox 144 1888 1244 1975; baseline 0 -21"><span class='ocrx_word' id='word_1_104' title='bbox 144 1891 355 1956; x_wconf 86' lang='lat' dir='ltr'><strong>edocuerunt.</strong></span> <span class='ocrx_word' id='word_1_105' title='bbox 381 1889 475 1970; x_wconf 79' lang='lat' dir='ltr'><strong>Quae</strong></span> <span class='ocrx_word' id='word_1_106' title='bbox 496 1913 569 1954; x_wconf 89' lang='lat' dir='ltr'><strong>cum</strong></span> <span class='ocrx_word' id='word_1_107' title='bbox 593 1888 638 1952; x_wconf 91' lang='lat' dir='ltr'><strong>ita</strong></span> <span class='ocrx_word' id='word_1_108' title='bbox 661 1888 735 1969; x_wconf 89' lang='lat' dir='ltr'><strong>sint,</strong></span> <span class='ocrx_word' id='word_1_109' title='bbox 759 1910 800 1951; x_wconf 89' lang='lat' dir='ltr'><strong>ue</strong></span> <span class='ocrx_word' id='word_1_110' title='bbox 820 1912 878 1971; x_wconf 87' lang='grc' dir='ltr'><strong>μοι</strong></span> <span class='ocrx_word' id='word_1_111' title='bbox 901 1888 1033 1973; x_wconf 89' lang='lat' dir='ltr'><strong>quidem</strong></span> <span class='ocrx_word' id='word_1_112' title='bbox 1047 1891 1244 1975; x_wconf 89' lang='lat' dir='ltr'><strong>pronomine</strong></span> 
     </span>
     <span class='ocr_line' id='line_1_15' title="bbox 146 1995 1241 2088; baseline -0.001 -23"><span class='ocrx_word' id='word_1_113' title='bbox 146 2022 258 2066; x_wconf 85' lang='lat' dir='ltr'><strong>carere</strong></span> <span class='ocrx_word' id='word_1_114' title='bbox 280 2022 467 2086; x_wconf 88' lang='lat' dir='ltr'><strong>pessumus;</strong></span> <span class='ocrx_word' id='word_1_115' title='bbox 490 2019 553 2084; x_wconf 89' lang='lat' dir='ltr'><strong>que</strong></span> <span class='ocrx_word' id='word_1_116' title='bbox 581 2018 663 2084; x_wconf 88' lang='lat' dir='ltr'><strong>quae</strong></span> <span class='ocrx_word' id='word_1_117' title='bbox 692 1996 767 2061; x_wconf 87' lang='lat' dir='ltr'><strong>satis</strong></span> <span class='ocrx_word' id='word_1_118' title='bbox 797 1995 861 2060; x_wconf 90' lang='lat' dir='ltr'><strong>iam</strong></span> <span class='ocrx_word' id='word_1_119' title='bbox 884 1995 1073 2062; x_wconf 88' lang='lat' dir='ltr'><strong>defenditur</strong></span> <span class='ocrx_word' id='word_1_120' title='bbox 1096 1999 1150 2064; x_wconf 87' lang='grc' dir='ltr'><strong>καὶ</strong></span> <span class='ocrx_word' id='word_1_121' title='bbox 1171 2024 1241 2088; x_wconf 87' lang='lat' dir='ltr'><strong>par-</strong></span> 
     </span>
     <span class='ocr_line' id='line_1_16' title="bbox 145 2106 1243 2193; baseline 0 -18"><span class='ocrx_word' id='word_1_122' title='bbox 145 2110 242 2175; x_wconf 88' lang='lat' dir='ltr'><strong>ticula</strong></span> <span class='ocrx_word' id='word_1_123' title='bbox 264 2110 360 2174; x_wconf 90' lang='lat' dir='ltr'><strong>etiam</strong></span> <span class='ocrx_word' id='word_1_124' title='bbox 383 2130 422 2173; x_wconf 90' lang='lat' dir='ltr'><strong>ee</strong></span> <span class='ocrx_word' id='word_1_125' title='bbox 445 2129 518 2172; x_wconf 89' lang='lat' dir='ltr'><strong>sese</strong></span> <span class='ocrx_word' id='word_1_126' title='bbox 541 2106 758 2187; x_wconf 86' lang='lat' dir='ltr'><strong>commendat,</strong></span> <span class='ocrx_word' id='word_1_127' title='bbox 780 2107 867 2192; x_wconf 90' lang='lat' dir='ltr'><strong>quod</strong></span> <span class='ocrx_word' id='word_1_128' title='bbox 887 2106 988 2193; x_wconf 91' lang='lat' dir='ltr'><strong>ipsius</strong></span> <span class='ocrx_word' id='word_1_129' title='bbox 1008 2130 1081 2171; x_wconf 90' lang='lat' dir='ltr'><strong>eum</strong></span> <span class='ocrx_word' id='word_1_130' title='bbox 1102 2109 1243 2175; x_wconf 89' lang='lat' dir='ltr'><strong>interro·</strong></span> 
     </span>
     <span class='ocr_line' id='line_1_17' title="bbox 142 2207 1242 2304; baseline -0.002 -18"><span class='ocrx_word' id='word_1_131' title='bbox 142 2221 254 2304; x_wconf 84' lang='lat' dir='ltr'><strong>gativo</strong></span> <span class='ocrx_word' id='word_1_132' title='bbox 279 2217 462 2284; x_wconf 88' lang='lat' dir='ltr'><strong>coniunctio</strong></span> <span class='ocrx_word' id='word_1_133' title='bbox 493 2216 638 2280; x_wconf 88' lang='lat' dir='ltr'><strong>mirantis</strong></span> <span class='ocrx_word' id='word_1_134' title='bbox 667 2225 700 2279; x_wconf 88' lang='lat' dir='ltr'><strong>et</strong></span> <span class='ocrx_word' id='word_1_135' title='bbox 730 2215 891 2280; x_wconf 89' lang='lat' dir='ltr'><strong>increduli</strong></span> <span class='ocrx_word' id='word_1_136' title='bbox 915 2207 1005 2300; x_wconf 73' lang='lat' dir='ltr'><strong>quisi</strong></span> <span class='ocrx_word' id='word_1_137' title='bbox 1035 2217 1167 2304; x_wconf 89' lang='lat' dir='ltr'><strong>propria</strong></span> <span class='ocrx_word' id='word_1_138' title='bbox 1193 2229 1242 2284; x_wconf 88' lang='lat' dir='ltr'><strong>est</strong></span> 
     </span>
     <span class='ocr_line' id='line_1_18' title="bbox 109 2317 1246 2408; baseline -0.002 -14"><span class='ocrx_word' id='word_1_139' title='bbox 109 2357 114 2362; x_wconf 95' lang='lat'>·</span> <span class='ocrx_word' id='word_1_140' title='bbox 146 2330 189 2394; x_wconf 82' lang='lat' dir='ltr'><strong>cf.</strong></span> <span class='ocrx_word' id='word_1_141' title='bbox 203 2328 287 2393; x_wconf 86' lang='lat' dir='ltr'><strong>Acb.</strong></span> <span class='ocrx_word' id='word_1_142' title='bbox 300 2328 340 2391; x_wconf 88' lang='lat'><strong>86</strong></span> <span class='ocrx_word' id='word_1_143' title='bbox 360 2326 413 2392; x_wconf 86' lang='grc' dir='ltr'><strong>καὶ</strong></span> <span class='ocrx_word' id='word_1_144' title='bbox 436 2324 485 2403; x_wconf 79' lang='grc' dir='ltr'><strong>τίς</strong></span> <span class='ocrx_word' id='word_1_145' title='bbox 507 2317 574 2391; x_wconf 73' lang='grc' dir='ltr'><em>εἶδε</em></span> <span class='ocrx_word' id='word_1_146' title='bbox 596 2319 736 2389; x_wconf 85' lang='grc' dir='ltr'><em>πώποτε</em></span> <span class='ocrx_word' id='word_1_147' title='bbox 756 2327 837 2406; x_wconf 79' lang='grc' dir='ltr'><em>βοῦς</em></span> <span class='ocrx_word' id='word_1_148' title='bbox 858 2323 1059 2408; x_wconf 53' lang='lat' dir='ltr'><strong>turbariam-5</strong></span> <span class='ocrx_word' id='word_1_149' title='bbox 1081 2329 1148 2390; x_wconf 80' lang='grc' dir='ltr'><strong>τῶν</strong></span> <span class='ocrx_word' id='word_1_150' title='bbox 1168 2317 1246 2392; x_wconf 74' lang='grc' dir='ltr'><em>(ἶλα-</em></span> 
     </span>
     <span class='ocr_line' id='line_1_19' title="bbox 142 2431 1239 2521; baseline 0.005 -21"><span class='ocrx_word' id='word_1_151' title='bbox 142 2431 356 2520; x_wconf 80' lang='grc' dir='ltr'><em>ζονεαμάτων,</em></span> <span class='ocrx_word' id='word_1_152' title='bbox 380 2435 438 2520; x_wconf 81' lang='lat' dir='ltr'><strong>Eq.</strong></span> <span class='ocrx_word' id='word_1_153' title='bbox 453 2435 511 2499; x_wconf 82' lang='grc'><strong>128</strong></span> <span class='ocrx_word' id='word_1_154' title='bbox 533 2435 587 2499; x_wconf 89' lang='grc' dir='ltr'><strong>καί</strong></span> <span class='ocrx_word' id='word_1_155' title='bbox 608 2438 699 2514; x_wconf 83' lang='grc' dir='ltr'><em>πῶς,·</em></span> <span class='ocrx_word' id='word_1_156' title='bbox 721 2434 788 2498; x_wconf 86' lang='lat' dir='ltr'><strong>vid.</strong></span> <span class='ocrx_word' id='word_1_157' title='bbox 806 2435 920 2500; x_wconf 84' lang='lat' dir='ltr'><strong>Matth.</strong></span> <span class='ocrx_word' id='word_1_158' title='bbox 933 2433 992 2502; x_wconf 85' lang='lat' dir='ltr'><strong>Gr.</strong></span> <span class='ocrx_word' id='word_1_159' title='bbox 1015 2459 1067 2521; x_wconf 87' lang='lat' dir='ltr'><strong>gr.</strong></span> <span class='ocrx_word' id='word_1_160' title='bbox 1091 2437 1186 2518; x_wconf 77' lang='lat'>§620</span> <span class='ocrx_word' id='word_1_161' title='bbox 1209 2437 1239 2506; x_wconf 88' lang='lat' dir='ltr'><strong>d.</strong></span> 
     </span>
     <span class='ocr_line' id='line_1_20' title="bbox 143 2533 1241 2633; baseline 0.002 -21"><span class='ocrx_word' id='word_1_162' title='bbox 143 2545 221 2612; x_wconf 89' lang='lat' dir='ltr'><strong>Non</strong></span> <span class='ocrx_word' id='word_1_163' title='bbox 244 2568 374 2632; x_wconf 90' lang='lat' dir='ltr'><strong>possum</strong></span> <span class='ocrx_word' id='word_1_164' title='bbox 410 2545 511 2630; x_wconf 87' lang='lat' dir='ltr'><strong>igitur</strong></span> <span class='ocrx_word' id='word_1_165' title='bbox 543 2544 621 2631; x_wconf 91' lang='lat' dir='ltr'><strong>quin</strong></span> <span class='ocrx_word' id='word_1_166' title='bbox 646 2533 749 2621; x_wconf 75' lang='grc' dir='ltr'><em>ὅντως</em></span> <span class='ocrx_word' id='word_1_167' title='bbox 780 2545 959 2627; x_wconf 90' lang='lat' dir='ltr'><strong>vocabulo,</strong></span> <span class='ocrx_word' id='word_1_168' title='bbox 985 2569 1048 2633; x_wconf 88' lang='lat' dir='ltr'><strong>qua</strong></span> <span class='ocrx_word' id='word_1_169' title='bbox 1070 2571 1088 2611; x_wconf 89' lang='lat' dir='ltr'><strong>a</strong></span> <span class='ocrx_word' id='word_1_170' title='bbox 1112 2548 1241 2614; x_wconf 87' lang='lat' dir='ltr'><strong>Kockio</strong></span> 
     </span>
     <span class='ocr_line' id='line_1_21' title="bbox 146 2651 956 2735; baseline 0 -19"><span class='ocrx_word' id='word_1_171' title='bbox 146 2655 210 2716; x_wconf 92' lang='lat' dir='ltr'><strong>iam</strong></span> <span class='ocrx_word' id='word_1_172' title='bbox 232 2653 387 2717; x_wconf 85' lang='lat' dir='ltr'><strong>donatum</strong></span> <span class='ocrx_word' id='word_1_173' title='bbox 412 2662 490 2735; x_wconf 89' lang='lat' dir='ltr'><strong>erat,</strong></span> <span class='ocrx_word' id='word_1_174' title='bbox 513 2653 675 2716; x_wconf 87' lang='lat' dir='ltr'><strong>civitatem</strong></span> <span class='ocrx_word' id='word_1_175' title='bbox 698 2651 894 2718; x_wconf 89' lang='lat' dir='ltr'><strong>abiudicem.</strong></span> <span class='ocrx_word' id='word_1_176' title='bbox 918 2691 956 2699; x_wconf 93' lang='lat'><em>-</em></span> 
     </span>
    </p>
   </div>
   <div class='ocr_carea' id='block_1_5' title="bbox 145 2760 1242 2956">
    <p class='ocr_par' dir='ltr' id='par_1_5' title="bbox 145 2760 1242 2956">
     <span class='ocr_line' id='line_1_22' title="bbox 245 2760 1242 2852; baseline 0.008 -27"><span class='ocrx_word' id='word_1_177' title='bbox 245 2760 350 2826; x_wconf 84' lang='lat' dir='ltr'><strong>Etiam</strong></span> <span class='ocrx_word' id='word_1_178' title='bbox 374 2761 552 2847; x_wconf 84' lang='lat' dir='ltr'><strong>largiorem</strong></span> <span class='ocrx_word' id='word_1_179' title='bbox 580 2761 766 2849; x_wconf 84' lang='lat' dir='ltr'><strong>disputandi</strong></span> <span class='ocrx_word' id='word_1_180' title='bbox 791 2763 956 2826; x_wconf 88' lang='lat' dir='ltr'><strong>materiam</strong></span> <span class='ocrx_word' id='word_1_181' title='bbox 979 2765 1152 2851; x_wconf 87' lang='lat' dir='ltr'><strong>praebebit</strong></span> <span class='ocrx_word' id='word_1_182' title='bbox 1180 2765 1242 2852; x_wconf 84' lang='lat' dir='ltr'><strong>Eq.</strong></span> 
     </span>
     <span class='ocr_line' id='line_1_23' title="bbox 145 2868 466 2956; baseline 0 -21"><span class='ocrx_word' id='word_1_183' title='bbox 145 2871 217 2938; x_wconf 78' lang='grc'><strong>676.</strong></span> <span class='ocrx_word' id='word_1_184' title='bbox 260 2868 466 2956; x_wconf 86' lang='lat' dir='ltr'><strong>Legebatur:</strong></span> 
     </span>
    </p>
   </div>
   <div class='ocr_carea' id='block_1_6' title="bbox 139 2991 1240 3212">
    <p class='ocr_par' dir='ltr' id='par_1_6' title="bbox 139 2991 1240 3212">
     <span class='ocr_line' id='line_1_24' title="bbox 267 2991 1030 3084; baseline 0.001 -22"><span class='ocrx_word' id='word_1_185' title='bbox 267 2991 328 3082; x_wconf 78' lang='grc' dir='ltr'><strong>ἐγώ</strong></span> <span class='ocrx_word' id='word_1_186' title='bbox 351 2997 387 3062; x_wconf 79' lang='grc' dir='ltr'><strong>δὲ</strong></span> <span class='ocrx_word' id='word_1_187' title='bbox 407 2992 448 3062; x_wconf 82' lang='grc' dir='ltr'><strong>τὰ</strong></span> <span class='ocrx_word' id='word_1_188' title='bbox 469 2995 609 3082; x_wconf 82' lang='grc' dir='ltr'><em>κορίανν’</em></span> <span class='ocrx_word' id='word_1_189' title='bbox 637 2991 799 3082; x_wconf 77' lang='grc' dir='ltr'><em>ἐπριάμην</em></span> <span class='ocrx_word' id='word_1_190' title='bbox 820 2992 1030 3084; x_wconf 79' lang='grc' dir='ltr'><em>ὑποδραμών,</em></span> 
     </span>
     <span class='ocr_line' id='line_1_25' title="bbox 139 3117 1240 3212; baseline 0.007 -27"><span class='ocrx_word' id='word_1_191' title='bbox 139 3123 172 3186; x_wconf 91' lang='lat' dir='ltr'><strong>in</strong></span> <span class='ocrx_word' id='word_1_192' title='bbox 195 3122 386 3187; x_wconf 89' lang='lat' dir='ltr'><strong>Ravennate</strong></span> <span class='ocrx_word' id='word_1_193' title='bbox 407 3144 486 3186; x_wconf 85' lang='lat' dir='ltr'><strong>vero</strong></span> <span class='ocrx_word' id='word_1_194' title='bbox 516 3145 590 3186; x_wconf 92' lang='lat' dir='ltr'><strong>cum</strong></span> <span class='ocrx_word' id='word_1_195' title='bbox 614 3117 889 3207; x_wconf 66' lang='grc' dir='ltr'><em>’ὖπεκδραμών</em></span> <span class='ocrx_word' id='word_1_196' title='bbox 912 3124 1074 3210; x_wconf 83' lang='lat' dir='ltr'><strong>legerent,</strong></span> <span class='ocrx_word' id='word_1_197' title='bbox 1097 3127 1240 3212; x_wconf 91' lang='lat' dir='ltr'><strong>primum</strong></span> 
     </span>
    </p>
   </div>
   <div class='ocr_carea' id='block_1_7' title="bbox 138 3230 684 3335">
    <p class='ocr_par' dir='ltr' id='par_1_7' title="bbox 138 3230 684 3335">
     <span class='ocr_line' id='line_1_26' title="bbox 138 3230 684 3335; baseline -0.007 -38"><span class='ocrx_word' id='word_1_198' title='bbox 138 3231 356 3315; x_wconf 84' lang='lat' dir='ltr'><strong>Reisigius</strong></span> <span class='ocrx_word' id='word_1_199' title='bbox 379 3230 550 3295; x_wconf 88' lang='lat' dir='ltr'><strong>Hanovio:</strong></span> <span class='ocrx_word' id='word_1_200' title='bbox 671 3299 684 3335; x_wconf 55' lang='lat'><strong>·</strong></span> 
     </span>
    </p>
   </div>
   <div class='ocr_carea' id='block_1_8' title="bbox 139 3348 1064 3565">
    <p class='ocr_par' dir='ltr' id='par_1_8' title="bbox 139 3348 1064 3565">
     <span class='ocr_line' id='line_1_27' title="bbox 267 3348 1064 3446; baseline 0.013 -29"><span class='ocrx_word' id='word_1_201' title='bbox 267 3348 328 3437; x_wconf 79' lang='grc' dir='ltr'><strong>ἐγώ</strong></span> <span class='ocrx_word' id='word_1_202' title='bbox 351 3352 386 3417; x_wconf 77' lang='grc' dir='ltr'><strong>δὲ</strong></span> <span class='ocrx_word' id='word_1_203' title='bbox 408 3349 449 3417; x_wconf 80' lang='grc' dir='ltr'><strong>τὰ</strong></span> <span class='ocrx_word' id='word_1_204' title='bbox 472 3354 611 3438; x_wconf 82' lang='grc' dir='ltr'><em>κορίανν’</em></span> <span class='ocrx_word' id='word_1_205' title='bbox 635 3351 796 3444; x_wconf 76' lang='grc' dir='ltr'><em>ἐπριάμην</em></span> <span class='ocrx_word' id='word_1_206' title='bbox 813 3354 1064 3446; x_wconf 79' lang='grc' dir='ltr'><em>ὑπερδραμών,</em></span> 
     </span>
     <span class='ocr_line' id='line_1_28' title="bbox 139 3476 1010 3565; baseline 0.009 -22"><span class='ocrx_word' id='word_1_207' title='bbox 139 3478 259 3543; x_wconf 90' lang='lat' dir='ltr'><strong>deinde</strong></span> <span class='ocrx_word' id='word_1_208' title='bbox 281 3476 306 3540; x_wconf 89' lang='lat' dir='ltr'>F</span> <span class='ocrx_word' id='word_1_209' title='bbox 314 3477 549 3544; x_wconf 82' lang='lat' dir='ltr'><strong>ritzsehius</strong></span> <span class='ocrx_word' id='word_1_210' title='bbox 564 3479 591 3565; x_wconf 69' lang='grc'><strong>2)</strong></span> <span class='ocrx_word' id='word_1_211' title='bbox 614 3481 742 3547; x_wconf 87' lang='lat' dir='ltr'><strong>Keckio</strong></span> <span class='ocrx_word' id='word_1_212' title='bbox 767 3495 799 3548; x_wconf 90' lang='lat' dir='ltr'><strong>et</strong></span> <span class='ocrx_word' id='word_1_213' title='bbox 822 3485 1010 3551; x_wconf 83' lang='lat' dir='ltr'><strong>Meinelrio:</strong></span> 
     </span>
    </p>
   </div>
   <div class='ocr_carea' id='block_1_9' title="bbox 136 3713 1242 4362">
    <p class='ocr_par' dir='ltr' id='par_1_9' title="bbox 136 3713 1242 4272">
     <span class='ocr_line' id='line_1_29' title="bbox 239 3713 1241 3795; baseline 0.01 -28"><span class='ocrx_word' id='word_1_214' title='bbox 239 3718 264 3782; x_wconf 92' lang='grc'><strong>1)</strong></span> <span class='ocrx_word' id='word_1_215' title='bbox 285 3714 354 3768; x_wconf 86' lang='lat' dir='ltr'><strong>Rau.</strong></span> <span class='ocrx_word' id='word_1_216' title='bbox 376 3717 443 3770; x_wconf 87' lang='lat'>1397</span> <span class='ocrx_word' id='word_1_217' title='bbox 467 3717 685 3787; x_wconf 83' lang='lat' dir='ltr'><strong>Aristophanem</strong></span> <span class='ocrx_word' id='word_1_218' title='bbox 712 3716 769 3773; x_wconf 78' lang='grc' dir='ltr'><em>ἀλλ’</em></span> <span class='ocrx_word' id='word_1_219' title='bbox 788 3720 881 3792; x_wconf 76' lang='grc' dir='ltr'><em>ἕτερον</em></span> <span class='ocrx_word' id='word_1_220' title='bbox 906 3713 941 3774; x_wconf 80' lang='grc' dir='ltr'><strong>αὖ</strong></span> <span class='ocrx_word' id='word_1_221' title='bbox 959 3717 1024 3789; x_wconf 80' lang='grc' dir='ltr'><em>ζήτει</em></span> <span class='ocrx_word' id='word_1_222' title='bbox 1043 3743 1066 3776; x_wconf 83' lang='grc' dir='ltr'><strong>τι</strong></span> <span class='ocrx_word' id='word_1_223' title='bbox 1086 3725 1141 3778; x_wconf 80' lang='grc' dir='ltr'><strong>τῶν</strong></span> <span class='ocrx_word' id='word_1_224' title='bbox 1158 3729 1241 3795; x_wconf 75' lang='grc' dir='ltr'><em>βαρυ-</em></span> 
     </span>
     <span class='ocr_line' id='line_1_30' title="bbox 139 3801 1242 3889; baseline 0.014 -30"><span class='ocrx_word' id='word_1_225' title='bbox 139 3801 273 3880; x_wconf 78' lang='grc' dir='ltr'><em>στάθμων</em></span> <span class='ocrx_word' id='word_1_226' title='bbox 291 3805 342 3875; x_wconf 58' lang='grc' dir='ltr'><strong>ἶλαι</strong></span> <span class='ocrx_word' id='word_1_227' title='bbox 362 3827 403 3864; x_wconf 88' lang='grc' dir='ltr'><strong>σοι</strong></span> <span class='ocrx_word' id='word_1_228' title='bbox 424 3815 557 3878; x_wconf 76' lang='grc' dir='ltr'><em>καθέλξει,</em></span> <span class='ocrx_word' id='word_1_229' title='bbox 590 3809 721 3885; x_wconf 82' lang='grc' dir='ltr'><em>καρτερόν</em></span> <span class='ocrx_word' id='word_1_230' title='bbox 738 3835 767 3867; x_wconf 87' lang='grc' dir='ltr'><strong>τι</strong></span> <span class='ocrx_word' id='word_1_231' title='bbox 798 3819 842 3868; x_wconf 76' lang='grc' dir='ltr'><strong>καὶ</strong></span> <span class='ocrx_word' id='word_1_232' title='bbox 860 3820 935 3887; x_wconf 75' lang='grc' dir='ltr'><strong>μέγα</strong></span> <span class='ocrx_word' id='word_1_233' title='bbox 954 3818 1098 3888; x_wconf 83' lang='lat' dir='ltr'><strong>scripsisse</strong></span> <span class='ocrx_word' id='word_1_234' title='bbox 1117 3819 1242 3889; x_wconf 86' lang='lat' dir='ltr'><strong>suspicor</strong></span> 
     </span>
     <span class='ocr_line' id='line_1_31' title="bbox 139 3891 1242 3983; baseline 0.014 -28"><span class='ocrx_word' id='word_1_235' title='bbox 139 3920 191 3971; x_wconf 89' lang='lat' dir='ltr'><strong>pro</strong></span> <span class='ocrx_word' id='word_1_236' title='bbox 213 3891 347 3975; x_wconf 76' lang='grc' dir='ltr'><em>καρτερόν</em></span> <span class='ocrx_word' id='word_1_237' title='bbox 364 3924 401 3959; x_wconf 84' lang='grc' dir='ltr'><strong>τε</strong></span> <span class='ocrx_word' id='word_1_238' title='bbox 418 3912 464 3960; x_wconf 78' lang='grc' dir='ltr'><strong>καὶ</strong></span> <span class='ocrx_word' id='word_1_239' title='bbox 482 3913 566 3980; x_wconf 78' lang='grc' dir='ltr'><em>μέγα.</em></span> <span class='ocrx_word' id='word_1_240' title='bbox 610 3910 687 3962; x_wconf 84' lang='lat' dir='ltr'><strong>Nihil</strong></span> <span class='ocrx_word' id='word_1_241' title='bbox 706 3927 773 3964; x_wconf 89' lang='lat' dir='ltr'><strong>vero</strong></span> <span class='ocrx_word' id='word_1_242' title='bbox 792 3912 950 3980; x_wconf 85' lang='lat' dir='ltr'><strong>perversius</strong></span> <span class='ocrx_word' id='word_1_243' title='bbox 969 3929 1029 3967; x_wconf 82' lang='lat' dir='ltr'><strong>esse</strong></span> <span class='ocrx_word' id='word_1_244' title='bbox 1046 3918 1141 3983; x_wconf 86' lang='lat' dir='ltr'><strong>potest</strong></span> <span class='ocrx_word' id='word_1_245' title='bbox 1160 3933 1242 3983; x_wconf 88' lang='lat' dir='ltr'><strong>quam</strong></span> 
     </span>
     <span class='ocr_line' id='line_1_32' title="bbox 139 3993 1242 4078; baseline 0.013 -27"><span class='ocrx_word' id='word_1_246' title='bbox 139 3993 217 4068; x_wconf 86' lang='lat' dir='ltr'><strong>quod</strong></span> <span class='ocrx_word' id='word_1_247' title='bbox 234 4000 371 4068; x_wconf 84' lang='lat' dir='ltr'><strong>Bergkius</strong></span> <span class='ocrx_word' id='word_1_248' title='bbox 391 4002 461 4056; x_wconf 89' lang='lat' dir='ltr'><strong>Ran.</strong></span> <span class='ocrx_word' id='word_1_249' title='bbox 474 4007 526 4057; x_wconf 84' lang='grc'><strong>513</strong></span> <span class='ocrx_word' id='word_1_250' title='bbox 545 4022 597 4074; x_wconf 88' lang='lat' dir='ltr'><strong>pro</strong></span> <span class='ocrx_word' id='word_1_251' title='bbox 616 4010 662 4058; x_wconf 78' lang='grc' dir='ltr'><strong>καὶ</strong></span> <span class='ocrx_word' id='word_1_252' title='bbox 681 4003 733 4077; x_wconf 79' lang='grc' dir='ltr'><strong>γὰρ</strong></span> <span class='ocrx_word' id='word_1_253' title='bbox 752 4002 875 4078; x_wconf 81' lang='grc' dir='ltr'><em>αὐλητρίς</em></span> <span class='ocrx_word' id='word_1_254' title='bbox 891 4012 934 4078; x_wconf 73' lang='grc' dir='ltr'><strong>γέ</strong></span> <span class='ocrx_word' id='word_1_255' title='bbox 951 4025 995 4061; x_wconf 91' lang='grc' dir='ltr'><strong>σοι</strong></span> <span class='ocrx_word' id='word_1_256' title='bbox 1015 4003 1067 4076; x_wconf 78' lang='grc' dir='ltr'><strong>ἤδη</strong></span> <span class='ocrx_word' id='word_1_257' title='bbox 1087 4011 1163 4064; x_wconf 74' lang='lat' dir='ltr'><strong>&#39;ador</strong></span> <span class='ocrx_word' id='word_1_258' title='bbox 1179 4013 1242 4065; x_wconf 76' lang='grc' dir='ltr'>ἔσθ’</span> 
     </span>
     <span class='ocr_line' id='line_1_33' title="bbox 138 4089 1242 4173; baseline 0.01 -24"><span class='ocrx_word' id='word_1_259' title='bbox 138 4089 287 4166; x_wconf 76' lang='grc' dir='ltr'><em>ὡραιοτάτη</em></span> <span class='ocrx_word' id='word_1_260' title='bbox 304 4092 508 4168; x_wconf 67' lang='grc' dir='ltr'><em>κώρχηστρίδες</em></span> <span class='ocrx_word' id='word_1_261' title='bbox 528 4100 614 4172; x_wconf 78' lang='grc' dir='ltr'><em>ἕτεραι</em></span> <span class='ocrx_word' id='word_1_262' title='bbox 627 4095 670 4155; x_wconf 75' lang='grc' dir='ltr'><strong>δί’</strong></span> <span class='ocrx_word' id='word_1_263' title='bbox 689 4096 706 4168; x_wconf 83' lang='grc' dir='ltr'><em>ἢ</em></span> <span class='ocrx_word' id='word_1_264' title='bbox 725 4109 795 4173; x_wconf 82' lang='grc' dir='ltr'><em>τρεῖς</em></span> <span class='ocrx_word' id='word_1_265' title='bbox 814 4104 964 4169; x_wconf 60' lang='grc' dir='ltr'><em>,ίοείεεεα</em></span> <span class='ocrx_word' id='word_1_266' title='bbox 978 4105 1157 4159; x_wconf 87' lang='lat' dir='ltr'><strong>scribendum</strong></span> <span class='ocrx_word' id='word_1_267' title='bbox 1176 4125 1242 4162; x_wconf 90' lang='lat' dir='ltr'><strong>eon·</strong></span> 
     </span>
     <span class='ocr_line' id='line_1_34' title="bbox 136 4187 1239 4272; baseline 0.009 -25"><span class='ocrx_word' id='word_1_268' title='bbox 136 4193 204 4247; x_wconf 87' lang='lat' dir='ltr'><strong>iecit</strong></span> <span class='ocrx_word' id='word_1_269' title='bbox 223 4187 349 4262; x_wconf 76' lang='grc' dir='ltr'><strong>αὐλητρίς</strong></span> <span class='ocrx_word' id='word_1_270' title='bbox 366 4198 404 4247; x_wconf 74' lang='grc' dir='ltr'><strong>τί</strong></span> <span class='ocrx_word' id='word_1_271' title='bbox 421 4211 474 4260; x_wconf 89' lang='grc' dir='ltr'><em>σοι,</em></span> <span class='ocrx_word' id='word_1_272' title='bbox 493 4197 621 4266; x_wconf 85' lang='lat' dir='ltr'><strong>quiahoc</strong></span> <span class='ocrx_word' id='word_1_273' title='bbox 639 4215 705 4252; x_wconf 89' lang='lat' dir='ltr'><strong>casu</strong></span> <span class='ocrx_word' id='word_1_274' title='bbox 723 4198 828 4254; x_wconf 80' lang='lat' dir='ltr'><strong>sactum</strong></span> <span class='ocrx_word' id='word_1_275' title='bbox 848 4205 891 4256; x_wconf 84' lang='lat' dir='ltr'><strong>est</strong></span> <span class='ocrx_word' id='word_1_276' title='bbox 909 4207 940 4255; x_wconf 89' lang='lat' dir='ltr'><strong>ut</strong></span> <span class='ocrx_word' id='word_1_277' title='bbox 958 4201 1102 4256; x_wconf 87' lang='lat' dir='ltr'><strong>inVenete</strong></span> <span class='ocrx_word' id='word_1_278' title='bbox 1119 4203 1239 4272; x_wconf 85' lang='lat' dir='ltr'><strong>legatur.</strong></span> 
     </span>
    </p>

    <p class='ocr_par' dir='ltr' id='par_1_10' title="bbox 234 4290 536 4362">
     <span class='ocr_line' id='line_1_35' title="bbox 234 4290 536 4362; baseline 0.02 -18"><span class='ocrx_word' id='word_1_279' title='bbox 234 4291 261 4362; x_wconf 85' lang='lat'><strong>2)</strong></span> <span class='ocrx_word' id='word_1_280' title='bbox 281 4290 317 4344; x_wconf 89' lang='lat' dir='ltr'><strong>ad</strong></span> <span class='ocrx_word' id='word_1_281' title='bbox 338 4290 408 4346; x_wconf 86' lang='lat' dir='ltr'><strong>Ran.</strong></span> <span class='ocrx_word' id='word_1_282' title='bbox 427 4311 455 4362; x_wconf 91' lang='lat' dir='ltr'><strong>p.</strong></span> <span class='ocrx_word' id='word_1_283' title='bbox 476 4298 536 4350; x_wconf 85' lang='lat'><strong>213.</strong></span> 
     </span>
    </p>
   </div>
   <div class='ocr_carea' id='block_1_10' title="bbox 1022 4400 1039 4452">
    <p class='ocr_par' dir='ltr' id='par_1_11' title="bbox 1022 4400 1039 4452">
     <span class='ocr_line' id='line_1_36' title="bbox 1022 4400 1039 4452; baseline 0 0"><span class='ocrx_word' id='word_1_284' title='bbox 1022 4400 1039 4452; x_wconf 75' lang='lat'><em>2</em></span> 
     </span>
    </p>
   </div>
   <div class='ocr_carea' id='block_1_11' title="bbox 0 0 1560 5062">
    <p class='ocr_par' dir='ltr' id='par_1_12' title="bbox 0 0 1560 5062">
     <span class='ocr_line' id='line_1_37' title="bbox 0 0 1560 5062; baseline 0 0"><span class='ocrx_word' id='word_1_285' title='bbox 0 0 1560 5062; x_wconf 95' lang='lat' dir='ltr'><strong> </strong></span> 
     </span>
    </p>
   </div>
  </div>
 </body>
</html>
