3112 5062
678 379 697 442 7

237 564 341 630 Vides
365 588 430 630 non
453 565 498 629 ita
521 564 624 628 multe
646 585 684 628 ea
704 585 776 630 esse
798 563 966 647 utriusque
999 560 1121 628 eodieie
1143 561 1233 644 vitia,

124 696 224 760 ¹quae
246 674 386 740 dubitari
420 682 580 757 nequeat,
613 672 693 760 quin
717 694 760 738 ex
788 671 904 736 eodem
935 671 1028 735 fonte
1058 669 1232 752 fluxeriut3

135 807 210 848 nam
240 784 337 848 etiam
372 804 415 847 ex
447 782 494 846 eis
527 801 611 867 quae
638 780 742 845 adtuli
775 779 1003 846 communibus
1030 777 1117 844 vitiis
1147 787 1233 859 eunt,

134 914 217 977 quee
240 891 326 980 quod
349 891 384 956 in
415 901 556 977 utroque
586 888 701 954 codiee
724 888 952 974 inveniuntur)
974 887 1061 953 casui
1088 887 1233 952 tribuere

132 1001 248 1090 possis.
281 1003 439 1068 Attamen
459 1008 597 1082 restant,
617 999 673 1064 ubi
693 1022 759 1064 non
782 1009 893 1085 potes3
915 1008 1013 1085 atque
1035 999 1069 1063 iu
1081 997 1233 1064 Nubibus

135 1111 276 1177 dubitari
298 1132 365 1176 non
389 1117 506 1198 potest,
530 1111 607 1198 quin
628 1109 829 1176 Ravennatis
852 1118 885 1174 et
904 1093 1026 1174 Veneti
1047 1108 1135 1174 idem
1158 1108 1232 1174 fone

133 1220 244 1285 fuerit.
287 1218 404 1304 Neque
436 1219 498 1285 hoe
526 1239 592 1284 non
625 1229 734 1306 potest
756 1218 860 1302 sumi,
888 1217 976 1303 quod
1008 1241 1075 1284 non
1103 1217 1231 1305 saepius

132 1328 246 1416 optimi
268 1326 399 1392 codices
419 1351 483 1392 una
507 1338 653 1416 peceant,
675 1328 846 1413 archetypi
871 1326 983 1392 virtuti
1005 1325 1128 1392 deberi.
1158 1327 1232 1392 Hae

132 1437 173 1502 de
199 1458 294 1502 eausa
317 1436 563 1502 eoncedendum
587 1447 647 1521 est,
668 1436 773 1502 videri
795 1458 851 1502 eos
871 1437 989 1502 fratres
1013 1457 1095 1502 esse.
1133 1435 1231 1519 Quod

129 1546 157 1612 si
181 1556 277 1629 sunt,
313 1545 538 1631 quaerendum
572 1556 632 1629 est,
665 1555 739 1610 uter
759 1557 887 1632 patrem
921 1545 1026 1631 magis
1054 1545 1178 1611 referet
1198 1553 1232 1610 et

131 1653 308 1720 maioribus
332 1655 547 1743 pluribusque
569 1655 742 1742 splendeat
763 1656 947 1721 virtutibus.

217 1763 342 1830 Iterum
363 1766 403 1830 eb
415 1763 639 1850 Equitibue
661 1765 885 1850 ordiemur‚in
900 1773 1027 1854 quaeat
1048 1764 1141 1830 multi
1164 1765 1229 1843 luci

129 1872 353 1955 inveniuntur,
378 1874 434 1940 ubi
454 1875 627 1942 Ravennae
648 1875 737 1941 solus
761 1875 846 1962 patri
871 1877 1044 1942 obsecutus
1067 1873 1229 1961 esse,Ve·

130 1989 225 2046 uetus
255 1982 294 2046 ab
321 2003 360 2046 eo
390 1984 530 2070 turpiter
553 1984 731 2050 descivisse
760 1984 954 2050 iudicandus
975 1995 1033 2052 est.
1056 1984 1121 2050 Hie
1143 1984 1229 2050 euim

130 2110 161 2152 v.
183 2089 222 2154 14
244 2089 325 2156 falso
348 2090 495 2156 additum
517 2093 615 2158 habet
636 2115 702 2173 σοι,
729 2118 759 2161 v.
783 2094 821 2158 61
846 2087 913 2162 εἷθ’
939 2090 958 2160 ὁ
985 2094 1143 2181 seriptum
1169 2115 1228 2182 pre

130 2191 213 2277 ὁδέ,
234 2221 264 2264 v.
279 2200 319 2265 70
339 2191 561 2268 ὀκταπλάσιον
582 2227 642 2291 pro
664 2194 877 2283 ὅκταπλάσια,
904 2227 934 2271 v.
952 2205 1012 2270 133
1033 2206 1151 2270 τοῦτον
1168 2225 1228 2292 pro

89 2347 94 2368 .
130 2301 234 2387 τόνδε,
259 2331 289 2374 ν.
311 2310 370 2375 143
393 2309 515 2393 ἐξολῶν
539 2335 601 2400 pro
624 2304 757 2396 ἐξελῶν,
783 2336 813 2381 v.
836 2314 896 2380 175
919 2313 946 2399 χ’
969 2334 1030 2400 pre
1051 2313 1090 2393 δ’,
1115 2336 1145 2379 v.
1169 2313 1227 2380 187

130 2405 204 2482 οἷον
227 2440 286 2503 pro
309 2413 406 2499 ὅσον,
428 2442 457 2484 v.
483 2420 544 2484 190
560 2415 653 2486 τοντί
677 2445 715 2488 σε
742 2416 845 2505 μόνον
865 2445 925 2509 pro
950 2421 1043 2488 τουτὶ
1062 2416 1164 2506 μόνον
1187 2424 1227 2502 τ’,

129 2548 160 2590 v.
183 2527 243 2592 201
265 2521 305 2591 αἴ
324 2551 379 2592 κεν
401 2550 461 2615 pro
483 2523 585 2608 αἴκα,
610 2553 641 2596 v.
656 2532 718 2596 212
736 2521 798 2615 εἴμ’
823 2526 1055 2612 ἐπιτροπεύειν
1076 2530 1230 2618 preem-

128 2630 303 2719 τροπεάειν
330 2631 405 2718 εἴμ’,
431 2660 462 2702 ν.
485 2637 546 2702 236
569 2635 774 2723 ξυνώμνντον
796 2663 856 2728 pro
872 2637 1089 2725 ξυνόμνυτον,
1110 2664 1140 2705 u.
1165 2643 1228 2708 272

128 2735 215 2825 πρὸς
238 2764 298 2829 pro
318 2737 367 2821 τὸ,
389 2766 419 2809 v.
442 2744 506 2808 354
527 2735 670 2832 άκρατον
691 2771 751 2835 pro
781 2739 942 2834 ἀκράτου,
966 2771 996 2812 v.
1014 2749 1075 2815 357
1105 2745 1229 2816 ἐκπιών
1281 2812 1284 2820 ,

127 2872 188 2936 pro
217 2845 381 2936 ἐπιπιιάν,
403 2875 432 2918 v.
455 2853 518 2920 365
539 2854 639 2938 ἐξελῶ
672 2881 732 2946 pro
754 2857 871 2942 ἐξέλξω
904 2859 998 2945 (Rev.
1029 2858 1224 2944 ἐξελλέγξω),

128 2983 157 3022 ν.
179 2961 242 3026 373
263 2962 422 3047 περιτιλῶ
443 2986 503 3050 pro
531 2967 713 3051 παρατιλῶ,
735 2992 766 3034 v.
782 2968 843 3034 377
867 2959 938 3034 εἶτά
959 2969 987 3054 χ’
1011 2992 1071 3056 pro
1094 2961 1166 3034 εἶτα
1184 2969 1223 3049 δ’,
1282 3045 1287 3058 Ι
1334 2998 1335 3002 ’

126 3091 155 3134 v.
178 3070 240 3135 385
262 3062 321 3136 οάκ
342 3061 392 3156 άρ’
416 3059 454 3158 ἦν
477 3097 534 3161 pro
557 3061 597 3162 ἢν
617 3065 669 3160 άρ’
693 3067 741 3156 οὗ,
765 3100 796 3142 v.
817 3078 882 3143 412
902 3078 1044 3145 παιδίων
1065 3100 1126 3168 pro
1147 3103 1227 3144 παι-

126 3175 198 3243 δίον
221 3189 254 3244 et
274 3180 489 3264 μαχαιριδίων
504 3205 563 3269 pro
578 3184 787 3268 μαχαιρίδων,
804 3209 835 3252 v.
847 3187 909 3251 437
925 3187 979 3254 καί
993 3210 1054 3275 pro
1072 3183 1102 3275 ἢ,
1120 3211 1150 3252 v.
1161 3186 1223 3252 511

127 3281 192 3369 ἔπη
213 3285 364 3368 λέξοντας
385 3313 444 3376 pro
467 3290 619 3372 λέξοντας
642 3289 725 3377 ἔπη,
754 3317 786 3355 v.
806 3296 867 3362 537
901 3293 1142 3385 στοφελισμοάς
1163 3321 1224 3386 pro

126 3391 386 3482 στνῳελιχμούς,
409 3420 439 3462 v.
463 3399 526 3464 604
546 3391 617 3464 εἶτά
641 3402 667 3486 χ’
694 3423 753 3489 pro
780 3394 852 3468 εἶτα
873 3403 915 3489 δ’,
935 3428 965 3468 v.
982 3405 1044 3470 646
1076 3409 1143 3472 τῶν
1164 3429 1224 3493 pro

126 3499 167 3583 oi,
192 3528 222 3570 v.
245 3506 307 3570 675
328 3510 496 3588 πανταχοῦ
517 3532 578 3597 pro
604 3515 761 3600 πανταχῆ,
781 3536 812 3578 v.
824 3512 885 3578 698
907 3509 962 3580 ἐάν
982 3537 1041 3604 pro
1063 3513 1102 3596 εί,
1118 3540 1149 3580 v.
1163 3517 1223 3584 748

123 3614 164 3678 ἵν’
187 3613 311 3681 ἐκεῖνον
334 3639 395 3704 pro
421 3617 474 3682 ἵνα
501 3622 636 3699 τοῦτον,
659 3644 689 3686 v.
714 3622 773 3688 767
796 3615 1034 3712 άντιβεβληκιὸς
1054 3649 1114 3714 pro
1136 3617 1224 3692 άντι-

123 3720 280 3810 βεβηκώς,
303 3749 334 3791 r.
348 3726 408 3792 768
430 3727 646 3816 διατμηθείην
668 3753 728 3817 pro
750 3733 1002 3822 κατατμηθείην,
1026 3759 1057 3800 v.
1081 3736 1143 3801 776
1166 3761 1224 3818 χα-

124 3831 271 3920 ριζοίμην
303 3858 363 3923 pro
387 3839 575 3926 χαριοίμην,
607 3863 638 3905 v.
661 3841 721 3907 856
744 3838 1018 3929 καθαρπάσαντες
1044 3867 1108 3935 pro·
1125 3871 1223 3912 κατα-

123 3937 317 4027 σπάσαντες,
340 3967 370 4010 v.
383 3946 445 4011 880
468 3946 622 4032 γένωνται
641 3973 702 4038 pro
722 3948 875 4036 γίνοιντο,
898 3978 929 4022 v.
941 3954 1003 4018 902
1024 3950 1148 4043 πόνηρε
1161 3978 1220 4042 pro

122 4054 297 4137 πανοῦργε,
317 4075 346 4115 v.
362 4055 443 4119 1039
466 4046 504 4121 ὃν
526 4080 586 4144 pro
608 4053 676 4141 τὸν,
700 4083 730 4124 v.
747 4061 826 4127 1058
848 4058 971 4149 φράζευ
994 4087 1053 4151 pro
1077 4059 1221 4152 φράσσαι

123 4160 216 4243 (Rev.
232 4157 382 4252 φράσαι),
402 4186 431 4228 v.
447 4164 528 4229 1084-
547 4161 681 4254 φράζεις
704 4191 763 4256 pro
782 4165 907 4258 φράζει,
931 4195 962 4237 v.
977 4173 1059 4237 1110
1077 4163 1138 4260 ἤδη
1160 4198 1219 4262 pro

121 4264 210 4350 εἴσω,
228 4297 258 4338 v.
272 4274 353 4338 1118
373 4269 460 4360 πρός
480 4301 516 4342 τε
534 4272 591 4343 τὸν
602 4301 663 4365 pro
675 4275 761 4364 πρὸς
779 4275 894 4363 τόντε,
913 4307 943 4350 v.
960 4283 1034 4348 1131
1059 4279 1145 4349 οὕτω
1158 4309 1218 4373 pro
