3112 5062
783 327 827 394 26

269 535 362 599 posse
385 513 558 600 opinabar,
581 513 661 578 Rau.
683 513 733 596 83,
758 514 812 598 qui
835 537 948 580 vorsus
979 513 1064 602 apud
1090 512 1292 580 Meinelrium
1317 509 1364 576 sic

268 621 407 707 scriptus
434 632 500 686 est:

393 720 545 814 Ἀγάθων
571 730 607 796 δέ
635 731 711 796 ποῦ’
736 733 816 809 reu
839 768 879 778 -
898 725 1004 796 ὅπου
1026 721 1111 808 ’στ’,·
1132 720 1311 796 ἀπολιπών
1330 729 1363 812 μ’

1131 833 1264 924 οἴχεται,

267 946 301 1010 in
322 947 490 1014 codicibus
514 971 591 1013 vcro
616 949 678 1033 sio;

392 1049 545 1142 Ἀγάθων
560 1058 595 1124 δὲ
611 1063 678 1126 ποῦ
698 1053 818 1138 'ortm-
833 1099 873 1106 -
887 1052 1117 1126 ἀπολιπών
1136 1058 1168 1143 μ’
1191 1053 1363 1141 οἴχεται.

366 1163 451 1228 Nam
481 1187 555 1252 spes
580 1176 650 1230 erat
672 1167 742 1231 iore
767 1176 802 1232 ut
827 1176 903 1234 aute
928 1159 1050 1248 οἴχεται
1074 1189 1138 1230 rina
1159 1165 1286 1249 syllaba
1308 1165 1364 1230 ad·
1391 1161 1395 1171 ’

268 1273 334 1338 dita
364 1273 485 1359 optima
512 1297 627 1340 versus
657 1277 782 1362 species
815 1276 1050 1342 restitueretur.
1097 1274 1165 1342 Sed
1201 1274 1287 1362 quod
1322 1297 1363 1338 ex

268 1382 369 1450 Suida
391 1409 415 1448 s.
432 1407 462 1448 v.
484 1375 638 1470 Ἀγάθων
658 1387 850 1454 Dindorfius
871 1385 1019 1452 Kookius
1043 1385 1207 1470 Bergkius
1230 1406 1362 1472 recepe·

266 1501 341 1556 runt
361 1483 538 1558 ‹inuitauit›
557 1495 589 1577 μ’
613 1486 842 1576 ἀποίχεται,
866 1517 979 1580 parum
992 1493 1269 1580 Aristophaneum
1292 1513 1364 1558 esse

267 1626 362 1670 nemo
385 1607 534 1688 negabit,
568 1607 623 1693 qui
659 1606 790 1690 quidem
824 1606 925 1689 sciat,
950 1604 1165 1692 vesp.1261,
1197 1627 1260 1688 quo
1294 1605 1362 1670 solo

265 1714 338 1780 loco
369 1713 559 1798 legebatur,
593 1725 680 1779 recte
704 1715 884 1801 Bergkium
912 1715 1081 1802 scripsisse
1108 1708 1186 1778 ὥστ’
1212 1704 1309 1801 ἀφείς
1333 1713 1361 1778 σ’

265 1813 505 1907 ἀπέρχεται.
550 1823 672 1892 Contra
693 1815 870 1889 ἀπολιπών
891 1823 924 1906 μ’
950 1818 1072 1904 οἴχεται
1103 1821 1281 1888 rectissime
1316 1821 1363 1886 di·

269 1942 358 1998 ctum
381 1942 445 2014 est;
470 1955 530 1998 uec
552 1933 648 1998 facile
673 1933 947 2018 monosyllabum,
972 1931 1058 2016 quod
1082 1931 1228 2016 quamvis
1252 1953 1363 2018 super·

272 2042 373 2112 fluum
396 2041 467 2106 sinc
492 2041 688 2108 detrimento
711 2041 874 2128 interponi
898 2041 1010 2126 possit,
1031 2029 1188 2106 invenies.
1225 2039 1298 2104 Hac
1322 2038 1364 2104 de

266 2173 362 2216 causa
384 2173 471 2216 nuno
491 2151 568 2214 mihi
589 2173 779 2236 persuasum
803 2160 862 2234 est,
882 2151 964 2214 hanc
984 2170 1098 2214 versus
1126 2158 1249 2236 partem
1283 2148 1363 2216 inta-

266 2274 348 2330 ctam
371 2263 618 2352 relinquendam
634 2286 715 2328 esse.
739 2263 845 2328 Priori
867 2285 945 2328 vero
961 2262 1043 2348 parti
1060 2253 1215 2347 Ἀγάθων
1237 2259 1273 2327 δὲ
1295 2263 1362 2328 ποῦ

267 2365 367 2452 'orm
389 2373 560 2458 augendae
585 2383 617 2436 et
642 2371 825 2437 llcinekius
849 2381 882 2435 et
905 2371 1050 2437 Cobetus
1067 2372 1091 2452 ¹)
1123 2371 1167 2436 ita
1194 2371 1363 2436 consulue-

265 2493 352 2566 runt,
381 2493 418 2550 ut
453 2483 570 2547 dubius
599 2483 752 2565 haereas,
784 2493 893 2546 utrum
928 2482 1014 2566 quod
1041 2481 1224 2549 Meinekius
1250 2481 1365 2562 voluit,

264 2596 431 2681 praeferas
455 2618 497 2660 an
520 2593 607 2681 quod
631 2591 756 2659 Cobeto
781 2593 917 2680 placuit:

386 2695 540 2789 Ἀγάθων
561 2701 597 2768 δέ
611 2706 677 2767 ποῦ
700 2697 774 2766 πότ’
800 2700 885 2778 ἕστ’,·
902 2740 942 2748 -
957 2693 1135 2767 ἀπολιπών
1154 2702 1187 2785 μ’
1211 2695 1342 2782 οἴχεται.

365 2812 571 2895 Quamquam
607 2820 744 2895 utraque
782 2809 963 2874 emendatio
1003 2817 1191 2892 corrueret,
1223 2808 1250 2872 si
1284 2829 1362 2874 vere

264 2919 429 3006 Reisigius
446 2919 472 3000 ²)
499 2918 655 3000 dixisset,
684 2918 718 2982 in
739 2919 805 2982 fine
834 2918 1074 2982 enuntiatorum
1107 2916 1363 3002 interrogativo-

265 3051 338 3094 rum
364 3029 620 3116 Aristophanem
651 3026 795 3092 noluisse
820 3025 907 3092 ἐστὶν
932 3027 1068 3113 copulae
1096 3026 1243 3090 ultimam
1272 3025 1359 3090 elidi.

265 3136 450 3204 Fatendum
474 3136 560 3202 enim
583 3145 642 3220 est,
664 3159 737 3200 eum
762 3137 834 3222 plus
860 3135 1095 3222 quinquaginta
1108 3135 1256 3200 versibus
1281 3135 1362 3198 haee

264 3249 321 3313 lex
343 3250 515 3314 observata
535 3249 575 3313 sit
604 3248 747 3333 quinque
769 3256 894 3312 tantum
916 3246 945 3310 ei
967 3267 1164 3334 repugnare,
1188 3235 1247 3310 hos
1271 3243 1362 3309 dieo:

394 3355 560 3420 Aah.178
583 3354 615 3419 τί
638 3355 664 3420 t‘
688 3351 770 3432 ἔστ’,·
793 3393 832 3400 -
854 3349 915 3438 ἐγώ
937 3352 997 3436 μὲν
1019 3347 1115 3436 δεῦρό
1140 3375 1193 3418 σοι
1215 3346 1364 3429 σπονδὰς

1103 3460 1214 3549 φέρων

389 3571 475 3638 Nub.
505 3572 568 3635 214
597 3564 665 3636 ritt’
694 3570 713 3658 ἡ
745 3570 966 3654 Λακεδαίμων
999 3572 1076 3635 ποῦ’
1106 3571 1181 3646 σθ’,·
1208 3605 1249 3616 -
1278 3563 1364 3634 ditor

992 3680 1088 3758 'orata
1112 3674 1215 3764 αὑτηί.

390 3791 467 3854 Pac.
485 3789 543 3854 187
564 3786 672 3876 πατὴρ
695 3791 731 3856 da'
754 3790 870 3868 σοιτίς
891 3788 973 3866 ἑστ’,·
987 3827 1025 3836 -
1040 3787 1129 3871 ἐμοίς
1148 3781 1364 3873 μιαρώτατος.

390 3900 452 3964 Av.
467 3900 509 3963 90
527 3895 574 3982 μὰ
589 3899 638 3964 ,Δί’
663 3892 721 3964 οὐκ
737 3897 852 3985 ἔγωγε·
877 3903 943 3964 ποῦ
959 3893 1017 3984 γάρ
1031 3897 1115 3974 ἐστ’,·
1128 3935 1168 3945 -
1180 3889 1364 3964 ἀπέπτατο.

750 4009 770 4038 J

371 4126 397 4195 1)
417 4127 520 4182 Mnem.
541 4127 576 4180 II.
596 4147 623 4198 p.
644 4132 704 4182 213.

368 4224 396 4295 2)
414 4224 490 4281 Diar.
510 4225 572 4279 Jeu.
592 4243 617 4280 a.
638 4227 715 4280 1817.
736 4242 778 4280 nr.
799 4227 860 4280 223.
895 4244 896 4248 ¹
