3054 5052
900 411 939 476 18

493 589 555 680 r'yol
579 595 606 660 δ’
628 589 835 682 ίπριίιμην
857 593 902 660 τὰ
923 595 1103 680 κορίανν’
1128 590 1393 678 ίπεκὸραμυίν

367 727 573 793 scribendum
594 751 665 792 esse
688 729 917 816 probaverunt.
949 731 1039 812 Quas
1062 729 1308 794 emendationes
1326 729 1351 792 si
1370 729 1435 793 inter

366 859 400 900 se
432 838 673 926 comparaveris
709 837 918 921 discriminis,
951 839 1037 924 quod
1070 839 1154 904 inter
1184 833 1394 924 ὑπεκδραμών
1417 851 1438 900 ct

365 940 586 1032 ίπερδραμών
610 947 709 1012 verba
739 947 917 1034 composita
941 947 1128 1029 intercedit,
1150 949 1238 1013 nulla
1257 949 1377 1013 ratione
1398 949 1438 1011 ba-

365 1055 443 1138 bita,
464 1079 532 1122 non
555 1056 677 1146 poteris
701 1057 733 1120 in
754 1055 890 1143 Reisigii
919 1055 1144 1121 emendatione
1173 1057 1359 1122 mutationis
1379 1055 1438 1119 leni·

364 1175 464 1231 tatem
500 1188 564 1230 non
593 1165 714 1249 mirari,
740 1165 888 1230 offendes
911 1187 990 1228 vero
1013 1165 1047 1228 in
1070 1167 1371 1250 proceleusmatico,
1391 1187 1437 1251 qno

364 1275 461 1340 homo
490 1275 696 1340 doctissimus
730 1275 866 1339 alterum
898 1275 1013 1360 pedem
1039 1273 1124 1339 effici
1148 1273 1262 1340 voluit.
1309 1275 1357 1338 Ae
1386 1274 1437 1337 iure

364 1383 511 1448 offendes
531 1383 553 1466 ¹)
571 1410 578 1466 3
600 1403 706 1470 neque
722 1383 808 1447 enim
824 1381 988 1468 Reisigius
1002 1379 1162 1462 (Coniect.
1182 1407 1211 1470 p.
1227 1385 1307 1448 o3-
1315 1383 1366 1464 86)
1381 1381 1436 1445 data

366 1515 466 1581 opera
491 1493 716 1557 demonstrare
746 1491 872 1580 potuit,
899 1493 931 1556 in
955 1491 1163 1558 Comicorum
1187 1513 1379 1576 graecorum
1397 1489 1438 1553 tri-

365 1601 476 1666 metris
486 1601 811 1688 proceleusmaticum
824 1601 857 1665 iu
869 1601 1033 1689 anapaesti
1044 1601 1153 1665 locum
1164 1600 1344 1666 succedere
1357 1619 1438 1687 posse.

363 1709 447 1776 Nam
470 1732 512 1775 ex
545 1709 715 1774 duodecim
741 1733 823 1794 <pirae
845 1733 876 1796 p.
899 1713 939 1774 tto·
962 1721 1093 1799 praeter
1118 1711 1178 1774 hoe
1205 1721 1368 1795 tamqnam
1388 1729 1437 1770 eer-

363 1820 486 1885 tissima
508 1819 617 1906 coegit
638 1819 797 1906 exemplis
819 1843 919 1884 imum
937 1819 1108 1908 Eupolidis
1129 1843 1179 1908 ap.
1195 1819 1296 1884 blein.
1313 1814 1436 1885 Comll.

363 1953 393 2017 p.
410 1931 473 1996 564
484 1929 663 1994 certissime
677 1929 862 1994 emendavit
876 1929 1045 1996 llanovius
1063 1933 1100 2008 ²):
1118 1929 1170 1994 καὶ
1182 1924 1323 2015 μουσικὴ
1339 1924 1436 2012 πρᾶγμ’

363 2039 432 2106 ἐστὶ
463 2037 553 2122 βαθύ
590 2065 619 2104 τι
653 2031 853 2124 κᾶγκίλον
875 2062 933 2125 pro
956 2039 1019 2104 καί
1048 2035 1290 2123 καμπύλον,
1323 2039 1435 2102 alterurn

363 2149 484 2215 Eubuli
505 2172 556 2236 ap.
581 2147 678 2220 Mein.
700 2147 757 2215 Ill
781 2173 811 2238 p.
825 2149 885 2212 5252
908 2149 971 2213 iam
993 2145 1152 2214 (lanterna
1175 2147 1360 2213 rectissime
1379 2141 1435 2209 seri·

361 2269 487 2346 pserat:
508 2251 690 2347 στεφάνους
708 2253 790 2334 ἴσως
802 2253 984 2339 βούλεσθε·
1009 2253 1144 2342 πότερ’
1168 2253 1379 2340 ἑρπυλλίνους
1393 2272 1435 2338 p1'0

360 2363 557 2451 πότερον,
584 2365 813 2456 Aristophanis
837 2387 916 2430 vero
931 2367 1017 2431 Ach.
1038 2368 1077 2430 78
1101 2389 1173 2431 cum
1188 2365 1341 2432 Morellio
1357 2365 1437 2443 Berg-

359 2477 414 2542 kio
437 2475 606 2542 llleinelrio
630 2475 836 2540 scribendum
860 2496 929 2540 esse
948 2486 1042 2561 puto:
1065 2469 1142 2553 σούς
1164 2475 1306 2541 πλεῖστα
1324 2468 1437 2554 δυναμί-

358 2610 434 2663 νους
455 2588 604 2673 φανεῖν
625 2608 661 2649 τε
686 2583 739 2648 καὶ
761 2587 851 2648 πιεῖν
873 2606 933 2670 pro
964 2589 1221 2672 καταφαγεῖν,
1253 2585 1330 2672 quia
1367 2575 1434 2665 quod

358 2693 532 2759 Elmsleius
556 2694 659 2757 voluit
680 2689 836 2770 δυνατοὺς
857 2717 875 2755 a
897 2693 1055 2756 sermonis
1085 2693 1291 2779 simplicitate
1323 2691 1432 2774 longius

358 2803 513 2870 recedere
538 2803 677 2888 videtur,
697 2803 739 2868 ib.
763 2828 792 2868 v.
812 2803 872 2866 437
898 2825 972 2866 curn
996 2799 1145 2866 Bentleio
1160 2801 1333 2868 Diudorfio
1354 2803 1435 2877 Ilerg-

358 2912 412 2978 kio
449 2911 630 2977 Meinckio:
662 2903 824 2996 Εὐριπίδη
861 2906 1035 2996 ’πειὸήπερ
1072 2909 1251 2995 ἐχαρίσω
1291 2909 1365 2976 ταδί
1392 2925 1437 2994 p1'0

358 3019 538 3104 ἐχαρίσω
563 3043 644 3102 μοι,
665 3019 743 3084 Rau.
768 3021 900 3083 tecum
927 3019 1074 3083 Bentleio
1104 3021 1257 3086 Hanovio
1281 3015 1438 3088 Dindorlio

358 3129 504 3215 Bergkio
525 3128 690 3193 Meinekio
715 3127 843 3192 Koclrio
866 3120 924 3192 els’
948 3119 992 3192 οὗ
1014 3128 1186 3216 Σοφοκλέα
1206 3125 1369 3214 πρότερον
1387 3115 1438 3190 du'

356 3231 537 3324 Εὐριπίδου
562 3262 619 3326 pro
643 3228 725 3319 οὐχί,
746 3239 825 3321 Lys.
838 3239 899 3302 982
918 3238 987 3306 sive
1011 3262 1084 3302 cum
1105 3239 1277 3304 Dindorfio
1301 3235 1390 3305 οὐδ’
1411 3220 1438 3294 tl

357 3344 538 3432 πότερον
571 3349 639 3414 sive
668 3371 742 3413 cum
766 3347 913 3433 Bergkio
935 3346 1044 3425 sr'gd'
1071 3339 1110 3412 εἶ
1131 3343 1194 3426 σὺ,·
1217 3343 1358 3430 πότερ’
1382 3343 1437 3408 sive

357 3482 429 3522 eum
452 3457 618 3522 Meinekio
643 3453 690 3523 oti
713 3455 755 3520 δὲ
778 3456 859 3533 cles
881 3452 1069 3538 πότερον
1091 3456 1234 3522 seribere
1259 3460 1367 3540 males,
1387 3468 1438 3516 n0¹1

358 3566 519 3632 dubitabis
552 3565 689 3650 Reisigii
725 3561 770 3629 ori
802 3565 829 3628 d*
864 3557 902 3628 εἶ
933 3564 988 3642 τίς
1018 3560 1202 3650 πότερον
1234 3548 1440 3650 ίίνθριοποςίί

355 3671 527 3750 κονίσαλος
550 3671 696 3755 abicere,
728 3671 779 3736 cui
813 3671 934 3736 bomini
961 3672 1147 3737 doctissimo
1180 3697 1246 3738 non
1276 3670 1437 3738 verendum

356 3794 407 3851 est
429 3805 470 3850 ue
492 3782 643 3848 iniuriam
667 3782 807 3864 inferas,
831 3781 857 3847 si
870 3781 1000 3846 Tlresm.
1016 3782 1096 3846 1203
1121 3805 1217 3867 quem
1236 3784 1323 3849 ultro
1346 3774 1439 3846 intulit

354 3890 400 3960 τὸ
423 3891 562 3958 articulo
585 3891 619 3957 in
643 3891 778 3955 exilium
802 3890 897 3956 misso
921 3913 995 3956 eum
1024 3891 1203 3958 editoribus
1225 3890 1389 3978 scripseris
1407 3876 1437 3949 σί

360 4083 556 4092 Μ

456 4207 482 4272 1)
502 4204 538 4258 el.
557 4204 592 4257 de
610 4203 662 4258 heo
682 4204 844 4273 quaestione
863 4203 966 4274 Engsr.
985 4204 1072 4273 praef.
1083 4203 1201 4274 Lysistr.
1220 4222 1248 4272 p.
1260 4203 1311 4258 XV
1323 4217 1378 4270 sqq·
1433 4161 1434 4165 Ἰ

456 4305 484 4367 2)
504 4301 607 4356 Exere.
626 4301 737 4356 critic
756 4317 825 4355 com.
847 4318 889 4371 gr.
908 4320 935 4372 p.
948 4303 1006 4356 160.
