3112 5062
826 335 865 400 12

295 511 408 588 ἀσκεῖν
427 517 513 610 ὑγιὲς
535 522 569 590 ἐν
589 527 636 612 τῷ
661 527 717 589 νῦν
738 521 810 590 ἔτι.
853 525 934 590 Tum
957 525 1141 614 praeclaras
1174 523 1331 590 lectiones
1354 523 1401 588 ad

298 630 450 716 eundem,
472 655 537 722 quo
559 655 743 722 perversas,
765 637 890 700 fontem
913 634 1105 700 referendas
1127 655 1199 699 esse
1221 633 1300 697 mibi
1320 655 1397 720 per-

298 739 437 806 suadere
464 763 529 806 non
561 763 704 828 possum,
727 742 773 806 ita
795 753 831 807 ut
860 745 955 806 etiam
981 742 1088 826 magis
1118 742 1195 806 mibi
1226 743 1400 830 probetur,

298 857 429 938 praeter
444 850 643 917 Ravennatis
664 861 696 916 et
717 851 916 916 deteriorum
937 851 1087 916 eodieum
1108 851 1308 938 archetypos
1331 873 1401 916 non

299 981 401 1024 unum
423 959 479 1025 sed
499 959 581 1027 duos
597 960 719 1026 Veneti
743 961 842 1027 inisse
860 964 978 1043 fontes,
1000 983 1099 1026 unum
1123 961 1227 1026 infimi
1250 960 1400 1047 generis,

298 1068 437 1134 alterurn
459 1067 616 1155 optimum
637 1079 670 1135 et
691 1091 734 1134 ex
755 1069 870 1134 altiore
894 1079 927 1134 et
948 1070 1080 1156 puriore
1103 1071 1195 1134 sonte
1220 1069 1399 1134 deductum

300 1178 371 1268 ipso
392 1179 590 1246 Rauennate.
625 1177 662 1248 Si
685 1200 765 1244 vero
788 1179 905 1244 mirum
932 1179 987 1244 tibi
1012 1179 1152 1260 videtur,
1177 1201 1277 1244 unum
1301 1178 1399 1244 libra·

301 1287 383 1354 rium
407 1297 559 1374 quattuor
590 1289 721 1354 eodiees
752 1290 837 1354 inter
860 1311 895 1355 se
918 1287 1156 1354 diversissimos
1177 1288 1400 1376 usurpavisse,

303 1395 361 1463 tibi
383 1419 512 1463 sumere
533 1397 618 1482 lieet,
642 1398 747 1464 fontes
768 1399 843 1463 illos
862 1421 928 1464 non
946 1423 1008 1463 uua
1021 1397 1167 1484 undique
1188 1397 1399 1479 confluxisse,

303 1505 360 1572 sed
377 1505 472 1572 binos
490 1528 561 1572 sese
577 1508 831 1591 commiscuisse,
852 1508 902 1572 bis
924 1508 1051 1573 duobus
1067 1506 1251 1594 compilatis
1267 1506 1399 1571 demum

305 1615 473 1682 codicibus
506 1617 639 1682 tertium
671 1617 834 1682 Venetum
863 1618 1014 1682 effectum
1048 1639 1130 1682 esse.
1175 1617 1259 1684 Oum
1290 1626 1400 1681 autem

301 1723 342 1788 de
365 1724 414 1792 bis
438 1725 536 1791 rebus
570 1725 652 1790 nihil
685 1727 816 1792 omnino
835 1726 917 1792 'seiri
942 1726 1065 1814 possit,
1086 1734 1230 1813 praestat
1250 1726 1401 1808 fortasse,

302 1833 391 1920 quod
422 1833 697 1922 simplicissimum
722 1845 755 1899 et
775 1837 800 1901 si
824 1858 889 1901 non
920 1835 960 1900 od
993 1834 1258 1924 persuadendum
1289 1844 1401 1900 tamen

302 1941 343 2008 'ad
368 1942 612 2031 percipiendum
638 1944 839 2032 aptissimum
875 1967 947 2011 esse
969 1945 1107 2029 ridetur,
1133 1966 1256 2033 ponere
1286 1965 1400 2010 omnes

305 2061 458 2142 quattuor
480 2053 586 2120 fontes
606 2078 669 2120 una
694 2054 728 2120 in
751 2055 914 2120 Venetum
938 2055 1117 2120 influxisse.
1152 2054 1221 2119 Iam
1242 2054 1331 2119 euim
1353 2062 1402 2136 tu,

308 2161 363 2250 qui
389 2162 549 2252 patienter
566 2165 685 2250 legisti,
709 2186 790 2250 quoe
813 2165 981 2250 hueusque
996 2164 1218 2247 disseruimus,
1241 2163 1400 2229 sollertio-

306 2291 376 2338 rem
408 2281 440 2337 te
474 2273 644 2360 praebebis
678 2273 748 2360 ipso
780 2274 952 2362 typotheta
985 2282 1017 2338 et
1048 2295 1100 2338 me
1130 2281 1308 2360 praeeunte
1339 2271 1402 2336 hou

305 2389 441 2448 stemma
467 2381 525 2449 tibi
548 2383 675 2472 pinges.
719 2383 772 2449 Ex
794 2391 913 2471 puueto
931 2383 1049 2468 aliquo,
1075 2383 1161 2470 quod
1184 2382 1333 2446 dlittera
1354 2380 1402 2446 in·

306 2491 456 2578 signibis,
489 2491 641 2558 deorsum
674 2492 753 2558 duas
788 2491 998 2578 divergeotes
1030 2491 1134 2556 lineas
1168 2491 1278 2575 duces,
1299 2491 1344 2555 ita
1365 2501 1402 2555 ut

307 2600 433 2666 laevem
456 2600 638 2667 breviorem
669 2601 769 2667 facias
799 2601 944 2668 dextera.
989 2599 1045 2667 Ad
1069 2602 1195 2665 laevam
1219 2609 1402 2665 extremam

306 2733 331 2776 n
352 2709 512 2796 litteram,
546 2711 585 2776 ad
620 2712 791 2778 dexterum
828 2712 1027 2793 ,deteriores
1059 2711 1208 2774 eodem
1242 2709 1404 2775 voeabula

305 2819 476 2908 adpingas.
522 2823 592 2888 Iam
629 2820 783 2886 dexterae
820 2821 926 2886 lineae
958 2821 1021 2885 duo
1049 2829 1171 2908 puncta
1200 2819 1348 2905 superius
1375 2841 1402 2900 o,

305 2929 443 2996 iuferius
467 2927 615 2995 blittero
646 2939 722 2995 note
755 2939 851 2994 etex
874 2939 1014 3016 utroque
1034 2929 1067 2993 in
1090 2929 1253 2994 sinistram
1275 2936 1402 3014 partem

306 3037 450 3126 singulas
467 3037 574 3106 ‘lineus
588 3037 679 3104 duee.
705 3038 918 3128 Superiorem
934 3039 1055 3104 lineam
1068 3048 1246 3103 extremam
1261 3037 1404 3120 ,Rav.“,

305 3146 494 3214 inferiorem
520 3145 648 3232 ,Ven.“
678 3161 753 3214 nota
788 3149 917 3216 ornabis
940 3159 973 3214 et
995 3170 1036 3212 ex
1057 3148 1114 3214 illa
1147 3147 1254 3212 media
1286 3146 1404 3210 iudea

308 3256 558 3346 punetoaliqu0,
582 3257 673 3322 euius
694 3283 715 3322 a
735 3258 844 3323 littera
865 3257 1078 3344 signumerit,
1101 3257 1221 3321 lineam
1237 3256 1337 3322 duces
1362 3255 1403 3318 ad

310 3364 434 3446 ,Ven.“
448 3375 566 3432 notam.
592 3365 645 3430 Ad
668 3365 804 3432 eandem
828 3366 973 3452 singulas
994 3366 1095 3430 lineas
1118 3366 1217 3430 duces
1239 3389 1257 3429 a
1279 3364 1405 3449 punctis

307 3498 332 3540 u·
345 3484 376 3540 et
388 3475 404 3538 b
417 3474 533 3540 litteris
545 3475 709 3560 insignitis
721 3484 753 3540 et
764 3499 782 3539 u
795 3497 880 3540 novo
894 3475 1003 3560 aliquo
1016 3484 1109 3540 extra
1120 3476 1244 3559 barum,
1257 3497 1335 3562 quas
1347 3473 1404 3538 hu-

307 3605 428 3670 eusque
441 3583 603 3668 duximus,
625 3583 785 3649 linearum
798 3585 878 3650 fines
890 3583 1042 3671 ponendo
1055 3593 1087 3648 et
1098 3605 1122 3668 y
1134 3583 1242 3648 littera
1253 3583 1404 3648 notando

408 3693 481 3761 Hoe
505 3703 675 3760 stemmate
698 3695 730 3760 in
755 3716 818 3780 quo
846 3718 868 3758 x
889 3693 998 3759 littera
1027 3694 1176 3780 ignotum
1209 3693 1301 3758 illum
1325 3695 1405 3781 opti·

310 3824 408 3888 mum,
422 3823 446 3890 y
461 3803 689 3890 pravissimum
712 3804 860 3870 codicem
881 3803 1102 3890 signifiautum
1124 3824 1194 3868 esse
1218 3803 1288 3890 ipse
1308 3801 1404 3867 facile

312 3911 488 3998 intelleges
521 3911 628 3978 statim
652 3921 790 3980 utamur.
815 3911 874 3998 qu.
901 3914 961 3977 163
984 3913 1153 3978 Ravennae
1185 3911 1319 3977 exhibet
1347 3906 1406 3988 τὰς

307 4020 418 4104 στίχας
447 4017 526 4111 ὁρᾷς
555 4023 745 4088 rabodonis
776 4023 873 4104 λαῶν,
906 4003 1085 4088 ¹deteriores
1118 4022 1247 4086 eodiees
1272 4017 1352 4109 ὁρᾷς
1371 4045 1405 4106 γε

311 4130 413 4198 τῶνδε
434 4154 463 4198 τ.
485 4131 522 4210 λ.,
546 4131 633 4198 unde
666 4130 898 4216 conligendum
922 4141 989 4214 est,
1010 4129 1127 4194 iamin
1151 4151 1189 4194 eo
1213 4131 1406 4218 archetypo,

310 4261 447 4326 querno
472 4241 581 4308 litters
614 4240 853 4328 insignivimus,
886 4240 1042 4329 seriptum
1066 4239 1165 4305 fnisse
1199 4234 1279 4327 ὁρᾷς
1302 4239 1406 4304 τῶνδε
