3112 5062
875 378 897 444 2

446 561 489 630 G.
511 563 780 631 Hermannus
814 567 847 632 in
880 567 1083 655 praefatione
1113 567 1257 633 Nubinm
1290 565 1441 635 editionis

340 695 371 758 p.
385 672 436 738 IX
448 672 611 738 Venatum
633 675 677 738 ita
696 674 729 740 iu
750 676 916 762 plerisque
935 677 1033 742 rebus
1056 677 1205 743 omnibus
1224 701 1297 742 cum
1311 678 1438 746 Raven-

340 789 416 845 natc
440 781 622 847 consentire
645 783 733 868 dicit,
755 794 791 848 ut
813 807 878 850 uon
898 785 1048 850 videatur
1070 784 1211 851 dubitari
1236 808 1344 871 posse,
1359 786 1436 872 quin
1491 844 1494 850 .

341 914 384 957 ex
406 889 522 956 eodem
552 893 647 957 ambo
670 892 761 958 fonte
791 893 955 959 fluxerint.
999 894 1096 976 Quod
1124 918 1202 960 num
1222 893 1294 960 iure
1317 895 1436 960 dixerit

338 1003 435 1068 homo
468 1002 676 1070 doctissimus
705 1003 896 1070 videbimus.
940 1004 1136 1072 Tenendum
1167 1027 1245 1070 vero
1270 1014 1320 1070 est
1348 1005 1436 1089 inde,

289 1146 291 1150 ·
338 1111 427 1196 quod
438 1113 610 1179 Ravennae
623 1123 655 1177 et
665 1113 814 1178 Venetus
825 1113 990 1180 interdum
1002 1136 1114 1180 veram
1131 1114 1306 1184 lectionem
1321 1124 1435 1180 contra

339 1241 452 1286 omnes
484 1221 564 1286 alios
599 1221 727 1286 codices
758 1231 906 1304 tuentur,
937 1221 1082 1286 nondum
1105 1223 1270 1310 ,consequi
1303 1245 1359 1288 eos
1392 1224 1433 1288 cd

340 1330 481 1396 cundem
505 1331 630 1396 fontem
663 1331 857 1396 referendos
886 1316 975 1416 esse3
997 1331 1150 1398 vitiorum
1170 1331 1300 1396 domum
1323 1333 1433 1418 singu-

335 1440 452 1505 larium
476 1440 660 1506 communio
686 1440 816 1526 signum
839 1441 900 1506 erit
922 1442 1102 1508 communis
1127 1441 1272 1528 originis.

436 1548 613 1616 Ordiamur
632 1551 671 1615 ab
684 1550 711 1616 E
725 1575 743 1636 q
755 1573 776 1615 u
787 1551 797 1613 i
808 1550 895 1616 tibu
907 1575 931 1616 s.
952 1553 1121 1639 Perpauca
1135 1573 1237 1636 eaque
1257 1551 1432 1617 admodum

332 1658 458 1724 incerta
478 1659 658 1726 communis
679 1661 848 1748 utriusque
867 1661 989 1726 codicis
1006 1661 1142 1746 originis
1155 1661 1295 1747 vestigia
1317 1661 1350 1728 iu
1371 1664 1430 1728 hac

332 1768 442 1834 fabula
465 1767 628 1856 indagare
664 1770 765 1858 potui.
808 1771 892 1836 Nam
925 1769 1012 1856 quod
1035 1771 1207 1836 Ravennae
1233 1782 1264 1836 et
1285 1771 1432 1839 Venetus

332 1887 445 1944 contra
469 1901 581 1944 omnes
602 1879 683 1945 alios
703 1879 834 1944 codices
856 1903 887 1944 v.
900 1879 940 1944 89
963 1870 1086 1964 ἀληθὲς
1104 1902 1164 1966 pro
1181 1869 1313 1965 ἔληθες,
1328 1905 1358 1946 v.
1370 1882 1429 1946 213

330 1991 428 2064 ποεῖς
456 1981 533 2053 πόει
565 2009 626 2074 pro
654 1991 764 2066 ποιεῖς
799 1987 908 2071 ποίει,
936 2011 966 2053 v.
992 1987 1054 2053 ‘289
1082 1983 1140 2053 τὸν
1169 1991 1272 2054 νῶτον
1299 2010 1358 2073 pro
1392 1987 1430 2056 τὸ

330 2099 444 2182 νῶτον,
463 2119 494 2162 v.
517 2097 577 2161 749
599 2101 722 2183 ποκνῆι
752 2120 811 2186 pro
840 2098 954 2178 πυκνὶ,
984 2119 1014 2163 v.
1035 2097 1096 2162 996
1118 2097 1344 2182 Δωροδοκιστί
1371 2123 1429 2188 pro

329 2204 572 2292 Δωροδοκηοτί,
593 2229 624 2271 v.
647 2207 726 2272 1388
747 2207 774 2272 δ’
800 2231 858 2296 pro
880 2209 907 2292 γ’
929 2205 1081 2294 scriptum
1107 2207 1274 2291 exhibent,
1297 2207 1374 2273 huic
1395 2210 1426 2274 in

326 2316 532 2381 creberrimis
555 2325 587 2379 et
602 2315 778 2380 lenissimis
801 2315 998 2403 corruptelis
1014 2315 1187 2381 consensui
1199 2317 1232 2381 in
1248 2317 1309 2382 bac
1330 2340 1424 2402 quae·
1502 2343 1504 2346 ·

326 2424 429 2490 stione
457 2424 539 2489 nihil
571 2424 668 2488 tribui
702 2433 819 2512 potest.
862 2423 973 2490 Unum
1002 2434 1127 2490 tantum
1150 2425 1259 2490 locum
1280 2427 1422 2514 repperi,

327 2532 382 2598 ubi
406 2533 509 2598 maius
531 2533 701 2598 discidium
719 2533 890 2598 intercedit
915 2533 999 2598 inter
1016 2514 1237 2600 Rauennatem
1249 2535 1420 2600 Venetum·

258 2721 262 2730 ¹
326 2664 388 2729 que
404 2651 437 2706 et
452 2651 590 2708 ceteros.
613 2667 643 2707 v.
665 2643 726 2710 346
750 2642 836 2708 euim
859 2654 997 2730 utcrque
1018 2643 1125 2709 codex
1147 2644 1299 2709 exhibet:

454 2743 522 2817 ἄλλ’
546 2743 636 2819 οἶσθ’
662 2747 771 2837 ὅπερ
802 2751 1010 2819 πεπονθέναι
1030 2777 1102 2837 μοι
1124 2753 1251 2832 (leticie,⁸
1281 2749 1365 2835 ὅπερ
1386 2745 1424 2816 τὰ

1158 2862 1298 2948 πλῆθος,

328 2967 448 3033 ceteri:

457 3069 524 3143 ἀλλ’
560 3069 651 3145 οἷσθ’
690 3074 710 3145 ὅ
746 3104 821 3164 μοι
861 3078 1069 3146 πεπονθέναι
1104 3080 1232 3158 donata·
1270 3072 1354 3160 ὅπερ
1386 3071 1425 3141 τὰ

1155 3188 1298 3274 πλῆθος,

327 3293 389 3360 nisi
424 3294 512 3380 quod
532 3293 742 3361 Florentinus
775 3297 936 3381 (Laurent
957 3297 1008 3382 31,
1033 3297 1084 3374 lb)
1119 3303 1151 3361 Γ
1178 3306 1210 3362 et
1236 3296 1308 3383 ipse
1340 3289 1425 3378 ὅπερ

330 3404 478 3491 praebet,
505 3427 563 3488 μοι
593 3426 670 3470 vero
704 3405 838 3489 omittit3
865 3429 961 3493 quem
994 3406 1141 3470 codicem
1171 3404 1341 3470 sciendum
1375 3413 1425 3468 est

327 3512 459 3578 omnino
494 3513 634 3578 maxima
660 3535 703 3578 ex
734 3523 827 3602 parte
852 3535 894 3579 ex
916 3516 1106 3581 Rauennate
1131 3524 1162 3578 et
1183 3515 1315 3580 Veneto
1339 3535 1426 3577 com-

325 3620 463 3706 pilatum
494 3643 565 3688 esso
588 3623 624 3707 ¹).
666 3623 706 3688 Iu
728 3623 929 3688 Ravennatis
956 3645 1035 3688 vero
1070 3634 1102 3689 et
1130 3623 1252 3690 Veneti
1286 3621 1426 3688 lectione

430 3883 455 3953 1)
473 3883 534 3937 Hoc
551 3883 592 3938 ita
610 3901 671 3938 esse
688 3901 745 3938 non
762 3887 820 3938 tam
840 3901 875 3938 ex
893 3883 933 3938 eis
953 3884 1023 3938 locis
1040 3889 1165 3955 apparet,
1181 3884 1231 3938 ubi
1250 3889 1275 3937 Γ
1293 3899 1356 3936 cum
1374 3882 1426 3936 RV

322 3979 352 4053 in
370 3979 446 4033 vitiis
466 3981 614 4046 consentit,
633 3999 717 4050 quam
729 3999 763 4034 cx
776 3981 824 4045 eis,
845 3981 893 4035 ubi
911 3981 992 4034 nnius
1005 3982 1154 4036 lectionem
1172 3981 1287 4052 recepit,
1307 3980 1425 4036 alterius

323 4077 466 4144 tamquam
484 4078 589 4132 variam
606 4079 756 4132 lectionem
772 4078 939 4148 adscripsit.
977 4078 1022 4132 Sic
1033 4079 1085 4146 Eq.
1098 4081 1151 4133 473
1170 4079 1202 4132 R.
1221 4081 1425 4150 προςπέμπων,

320 4168 354 4224 V.
374 4169 545 4242 apocrisario,
563 4179 589 4227 Γ
605 4179 798 4246 προςπέμπων
817 4193 861 4246 γρ.
880 4177 1051 4246 προςηεσών,
1069 4193 1095 4228 v.
1107 4175 1202 4230 902R.
1221 4175 1369 4245 πανοῦργε,
1392 4173 1424 4226 V.

321 4267 435 4342 πόνηρε,
456 4277 482 4324 Γ
500 4273 638 4344 πανοῦργε
654 4291 699 4342 γρ,
718 4265 830 4343 πόνηρε,
849 4271 934 4342 Vesp.
954 4274 1022 4327 1066
1040 4271 1072 4326 ll.
1093 4267 1196 4344 ῥώμην,
1216 4273 1249 4326 V.
1266 4265 1383 4345 γνώμην
1402 4276 1427 4323 Γ
