3112 5062
702 395 756 460 31.

175 583 268 648 κτλλ
282 583 308 666 ¹)
331 583 396 649 Res
418 604 497 646 vero
520 581 758 669 simplicissima
781 581 862 644 haec
882 588 938 643 est.
972 577 1160 643 Insiciurius
1188 586 1273 665 post·

178 717 272 781 quam
300 715 371 757 eum
397 691 601 757 senatoribus
630 691 697 776 (qui
721 691 807 754 enim
832 687 1116 776 cupidissimorum
1140 709 1273 774 gressus

179 823 333 888 superare
366 801 546 890 potuerit?)
577 803 609 866 in
634 804 741 866 forum
764 802 864 880 venit,
888 799 946 865 sed
970 801 1044 864 dum
1068 801 1100 864 bi
1122 799 1155 863 in
1178 801 1272 888 pisci-

175 913 265 979 culos
289 911 419 976 irruunt
434 911 644 976 condimenta
666 910 772 974 omnia
789 910 921 991 coemit3
944 919 1040 993 atque
1059 910 1140 974 hacc
1155 907 1274 975 deinde

178 1022 381 1088 senatoribus
403 1022 629 1086 liberalissime
652 1021 759 1085 donat.

276 1130 362 1197 Aliis
393 1130 474 1195 locis
498 1131 690 1194 Venetus
722 1130 906 1194 hominibus
937 1128 1132 1194 doctissimis
1163 1129 1269 1194 fraudi

173 1243 244 1307 fuit.
276 1241 397 1326 Vesp.
426 1239 487 1304 ‘247
530 1263 604 1304 cum
647 1261 759 1305 omnes
793 1250 921 1324 praeter
945 1238 1108 1302 Venetum
1143 1238 1272 1304 codices

172 1345 288 1416 λαθών
308 1373 358 1427 τις
382 1348 568 1431 exhibeant,
584 1349 611 1411 is
633 1371 710 1412 vero
733 1347 852 1425 λίνθος
874 1373 933 1430 τις,
949 1349 1154 1412 llcrmannus
1169 1349 1272 1434 Berg-

175 1459 247 1526 kius
273 1458 444 1525 Richterus
467 1457 649 1522 Meinekius
672 1458 886 1545 scripserunt:

272 1562 316 1653 μή·
338 1591 405 1632 που
430 1565 557 1644 λίθος
577 1589 642 1644 τις
662 1561 861 1649 ἐμποδών
882 1561 965 1652 ἡμᾶς
986 1561 1085 1630 κακόν
1106 1591 1136 1631 τι
1159 1562 1272 1654 δράσῃ.

264 1657 320 1742 Αά
338 1678 444 1741 fateor
467 1697 518 1740 me
553 1676 658 1763 ipsum
693 1676 834 1762 primum
865 1676 925 1739 hac
956 1676 1024 1740 sols
1054 1676 1095 1740 de
1119 1697 1215 1740 eausa
1238 1675 1271 1739 in

177 1787 237 1862 hac
259 1786 418 1872 scriptura
436 1785 630 1863 offendisse,
664 1785 748 1872 quod
774 1807 824 1849 me
847 1784 963 1849 mirum
987 1785 1139 1869 habebat,
1159 1806 1269 1849 veram

173 1895 346 1960 lectionem
369 1895 467 1972 λίθος
484 1895 515 1959 in
540 1895 657 1960 ceteris
681 1895 847 1960 codicibus
869 1896 902 1958 iu
923 1889 1039 1960 λαθών
1063 1895 1271 1981 depravatam

176 2026 259 2069 esse.
305 2006 384 2083 Mox
414 2026 491 2069 vero
529 2006 599 2090 ipsa
635 2005 796 2092 scriptura
827 2005 1002 2092 displicere
1034 2003 1162 2091 eoepit,
1197 2003 1271 2090 quia

176 2107 333 2196 ἐμποδών
356 2112 562 2200 participium
579 2111 726 2199 flagitare
746 2113 928 2194 videbatur,
953 2133 1015 2198 quo
1033 2135 1105 2176 eum
1123 2112 1270 2176 subiecto

175 2222 439 2307 coniungeretur.
491 2222 560 2286 Iam
581 2245 653 2286 eum
672 2217 717 2307 μή
740 2245 807 2286 σοι·
832 2232 863 2284 et
887 2216 1041 2304 ἐμποδών
1064 2215 1148 2307 ἡμᾶς
1170 2214 1272 2285 κακόν

179 2355 209 2395 τι
240 2324 342 2418 δράσῃ
377 2333 477 2395 verba
512 2351 645 2417 prorsus
679 2331 772 2395 firma
809 2341 840 2394 et
874 2333 912 2396 ab
949 2330 1036 2394 omni
1076 2340 1168 2416 purte
1203 2339 1271 2394 tuta

181 2453 298 2522 essent,
327 2439 409 2504 nibil
440 2439 599 2504 relicuum
630 2420 699 2504 erat
730 2441 792 2505 nisi
818 2451 853 2504 ut
877 2439 974 2517 λίθος
1000 2464 1050 2518 τις
1082 2447 1270 2504 mutaretur.

176 2547 269 2613 Tunc
304 2549 433 2612 demum
467 2548 639 2631 intellexi,
674 2559 857 2614 ceterorum
896 2548 1046 2613 codicum
1079 2547 1270 2635 scripturam

177 2652 291 2722 λαθών
322 2681 371 2736 τις
407 2657 645 2745 recipiendam,
672 2659 789 2723 Veneti
816 2658 914 2736 λίθος
936 2683 985 2735 τις
1017 2659 1161 2743 glossam
1190 2677 1270 2722 esse.

177 2764 264 2846 Quid
286 2766 398 2831 enim?
420 2789 496 2831 num
530 2767 555 2830 si
588 2789 690 2832 senex
717 2767 845 2831 dicebat
871 2762 983 2853 μήπου
1007 2761 1121 2831 λαθών
1140 2789 1190 2843 τις
1214 2765 1271 2848 ἐμ-

173 2870 289 2940 ποδών
315 2871 398 2962 ἡμᾶς
420 2870 520 2940 κακόν
552 2899 584 2940 τι
613 2871 725 2962 δράσῃ,
759 2876 839 2939 baec
870 2875 970 2940 verba
990 2875 1084 2939 aliter
1120 2873 1270 2959 intellegi

176 2994 326 3070 poterant
348 3009 443 3070 quam
468 2986 509 3050 de
530 2985 638 3074 lapide
662 2986 694 3049 in
718 2986 789 3073 ipsa
809 2986 859 3049 ria
882 2985 1018 3050 latenti?
1040 2984 1165 3048 seilicet
1186 2983 1269 3048 latro

174 3115 240 3158 non
262 3089 419 3159 λανθάνει
443 3089 600 3178 ἐμποδών
628 3095 686 3158 sed
710 3095 742 3158 in
766 3094 891 3190 insidiis
915 3095 1002 3158 latet.
1050 3093 1170 3162 Senem
1193 3114 1272 3158 vero

174 3203 287 3269 ludere
311 3205 406 3268 etiam
438 3205 471 3267 in
495 3204 628 3289 vulgata
653 3204 793 3267 lectione
816 3203 1035 3287 intellegitur3
1061 3227 1132 3272 nam
1158 3223 1267 3266 rerum

174 3321 289 3377 natura
321 3335 478 3378 conversa
509 3312 652 3398 lapidem
676 3311 756 3375 dicit
780 3333 814 3373 se
842 3312 1042 3374 offensurum
1073 3332 1153 3392 csse,
1188 3331 1271 3392 cum,

173 3420 200 3483 si
225 3421 308 3507 quis,
333 3421 455 3507 ipsein
478 3421 588 3507 lapide
612 3421 796 3486 offensurus
819 3420 869 3484 sit.
903 3419 1028 3502 Quidni
1050 3421 1151 3503 igitur
1172 3419 1270 3484 ambi-

172 3529 330 3611 guitatem
354 3531 487 3618 explent
511 3541 543 3594 et
566 3539 729 3614 tamquam
752 3529 793 3593 de
823 3529 953 3592 homine
977 3528 1018 3594 de
1045 3528 1152 3615 lapide
1185 3527 1272 3591 dicat

171 3634 285 3704 λαθών
307 3640 378 3717 ug?
415 3642 530 3724 Itaque
549 3639 665 3704 Veneti
700 3638 798 3714 λίθος
818 3660 933 3702 verum
955 3639 1085 3722 quidem
1107 3638 1269 3725 interpre-

274 3905 299 3969 l'J
319 3901 384 3956 Noli
404 3901 545 3956 offendere
565 3902 593 3954 iu
612 3895 799 3972 κάχαριζόμην
826 3898 900 3967 quod
919 3897 1052 3966 sequitur.
1091 3915 1115 3951 v.
1128 3899 1179 3951 679
1199 3898 1271 3952 eninr

171 3999 290 4051 Ioannes
310 3997 425 4052 Iacobus
445 3999 510 4054 Oeri
520 3995 672 4061 Helvetios,
692 3987 843 4048 cx'amicis
860 3995 929 4048 meis
949 4000 979 4046 ut
997 3993 1057 4061 ipse
1073 3991 1133 4047 vult
1150 4013 1272 4064 παρακο-

169 4087 302 4156 πάτστος,
320 4095 497 4150 nihilominus
508 4111 574 4149 vere
593 4093 627 4148 de
638 4091 827 4162 Aristophane
847 4091 952 4160 optime
971 4090 1132 4153 meriturus,
1146 4089 1272 4158 spurium

168 4208 230 4246 esse
249 4192 302 4246 hoe
320 4209 392 4246 anno
411 4192 609 4246 dissertatione
627 4209 710 4260 quam
730 4191 764 4244 de
785 4188 974 4258 responsionis
1005 4187 1080 4256 apud
1103 4187 1272 4257 Aristopha-

169 4307 233 4344 nem
252 4290 361 4346 ratione
380 4295 408 4345 et
428 4291 578 4361 generibus
596 4289 808 4358 conscriptores
827 4292 878 4352 est,
899 4285 1021 4341 docebit.
