3112 5062
704 340 746 408 23

172 529 258 595 rivio
279 529 434 617 praesint,
449 528 654 594 Philoclconi
668 529 750 617 patri
773 537 926 614 exponat,
947 549 1086 616 cumque
1108 537 1143 592 ut
1160 549 1267 592 coram

173 640 219 704 eis
240 642 323 706 bene
344 647 455 706 cantet
477 638 528 704 his
548 639 657 704 verbis
680 637 870 706 admoneat:

294 743 424 827 τούτοις
445 743 548 831 ξυνών
567 744 608 814 τὰ
630 743 730 814 σκόλι’
757 743 851 826 ὅπως
870 746 955 830 δέξει
976 746 1092 824 καλῶς,

171 860 198 925 is
219 880 298 924 vero
319 859 403 924 hanc
423 857 681 924 admonitionem
701 879 801 943 aegre
827 859 909 922 ferat
926 866 958 922 ct
979 878 1091 922 omues
1116 856 1269 922 Diacrios

170 969 202 1032 in
225 966 385 1033 cantando
407 988 441 1032 so
464 975 691 1054 superaturum
716 987 787 1030 csse
811 966 981 1051 glorietur.
1014 965 1069 1032 Illi
1093 965 1178 1035 euim
1201 966 1269 1030 irae

172 1076 366 1142 indicandae
392 1076 512 1163 optimc
533 1066 657 1159 ἄληθες
678 1076 872 1142 vocabulum
895 1076 1032 1142 inservit
1051 1074 1118 1140 vid.
1140 1074 1269 1142 Kock.

171 1187 210 1252 ad
236 1187 323 1253 Nub.
346 1187 406 1252 841
434 1196 466 1252 ct
490 1185 531 1250 ad
554 1187 617 1250 Av.
643 1188 710 1250 174.
737 1193 778 1251 l'c
802 1207 881 1250 vero
903 1185 1061 1274 particula
1084 1207 1180 1272 quam
1201 1207 1268 1250 aer·

171 1295 308 1360 vandum
343 1316 414 1361 csse
436 1293 649 1359 iudicavimus
670 1317 803 1380 prorsus
836 1315 877 1359 ex
906 1315 995 1358 more
1017 1293 1130 1360 addita
1152 1303 1201 1358 est
1226 1295 1269 1359 cf.

172 1405 255 1468 Plut.
275 1405 330 1470 901
358 1398 397 1469 oi·
421 1397 674 1488 φιλόπολις·καὶ
695 1397 852 1489 χρηστὸςς
871 1439 913 1450 --
933 1399 978 1480 ὡς
1000 1395 1108 1482 οὐδείς
1129 1405 1155 1489 γ’
1179 1394 1269 1489 ἀνήρ.

174 1515 247 1582 Non
279 1515 391 1580 dubito
422 1515 534 1600 igitur,
566 1515 643 1599 quin
668 1514 707 1578 ab
737 1513 824 1580 omni
854 1522 946 1601 parte
971 1521 1076 1578 tutum
1111 1514 1153 1578 sit
1182 1513 1269 1598 quod

169 1627 337 1713 posuimus
366 1628 464 1692 hrrius
494 1649 607 1692 versus
642 1626 842 1692 membrum:
865 1614 1009 1710 ἄληθες,
1038 1617 1083 1701 aig
1106 1613 1213 1700 οὐδείς
1234 1645 1269 1706 γε

170 1735 335 1822 Διακρίων
358 1762 439 1820 u—-‚
466 1739 516 1802 cui
552 1737 577 1802 si
599 1735 821 1828 probabiliter,
843 1734 1060 1800 adiecerimus
1093 1731 1266 1798 iambicum

169 1846 300 1933 aliquod
323 1847 528 1928 vocabulum,
551 1869 658 1930 omne,
682 1847 808 1932 opinor,
832 1855 988 1932 punctum
1007 1842 1190 1908 tulerimus.

271 1955 480 2020 Adversum
511 1955 565 2041 qui
596 1954 743 2041 sequitur
764 1951 838 2038 ἐγώ
867 1948 1048 2036 εἴσομαι·
1072 1950 1125 2016 καὶ
1146 1945 1186 2036 δὴ
1208 1945 1266 2035 γὰρ

171 2059 233 2147 εἴμ’
258 2059 320 2148 a'yul
342 2062 457 2128 Κλέων
478 2064 705 2129 Richterus
727 2063 807 2126 haec
832 2061 1017 2127 adnotavit:
1041 2059 1158 2144 „Libet
1180 2057 1267 2142 syni-

170 2173 251 2239 zesis
276 2173 427 2260 exempla
457 2195 521 2237 non
551 2173 596 2238 ita
618 2195 691 2236 rara
725 2169 811 2256 apud
837 2171 940 2236 Arist.
964 2169 1047 2251 sint,
1081 2167 1270 2255 scripserim

170 2291 278 2346 tamen
299 2275 382 2362 τάχ’
405 2275 574 2364 εἴσομαι
596 2302 655 2366 pro
680 2274 742 2364 ἐγώ
764 2273 844 2344 ai'u.“
891 2277 933 2344 Ni
958 2278 1064 2357 fallor,
1090 2278 1187 2344 homo
1212 2276 1267 2343 do-

171 2390 333 2456 ctissimus
352 2411 482 2456 sensum
502 2388 665 2473 quendam
681 2388 750 2454 veri
772 2388 950 2454 rectissime
966 2388 1029 2454 hoc
1045 2387 1119 2452 loco
1139 2396 1270 2454 secutus

169 2510 229 2582 est,
253 2501 310 2564 sed
337 2500 439 2564 acrius
464 2498 651 2564 instandum
675 2510 753 2563 erat.
798 2497 996 2582 Neganrlum
1020 2507 1089 2562 erat
1111 2497 1181 2562 ullo
1202 2495 1267 2562 alio

169 2611 244 2674 loeo
273 2608 359 2697 apud
382 2608 637 2695 Aristophanem
663 2645 705 2654 -
727 2632 753 2672 ω
777 2608 927 2672 vocalem
961 2631 1035 2676 eum
1059 2604 1088 2676 ei
1110 2644 1152 2656 -
1174 2605 1271 2694 diph-

172 2719 295 2801 thongo
327 2718 370 2782 ita
391 2739 609 2798 concurrere,
638 2724 674 2780 ut
702 2716 759 2782 illa
788 2715 843 2780 vel
876 2739 951 2780 cum
975 2717 1037 2782 hae
1072 2715 1272 2780 coalesceret

170 2827 224 2892 vel
255 2827 486 2914 corriperetur.
519 2826 571 2894 Ne
603 2825 689 2912 apud
717 2825 862 2910 tragicos
898 2825 1034 2908 quidem
1067 2825 1139 2890 talis
1175 2846 1271 2910 quam

172 2936 251 3000 dicit
282 2937 440 3020 synizesis
470 2935 636 3002 invenitur
667 2935 728 3000 uisi
752 2935 873 3022 Soph.
897 2934 983 3001 Phil.
1002 2933 1066 3000 585
1089 2927 1163 3018 ἐγώ
1186 2929 1264 3016 εἶμ’

170 3036 350 3129 Ἀτρείδαις
375 3040 551 3132 δυσμενής·
577 3030 673 3123 οὗτος
695 3045 731 3111 δέ
751 3069 825 3128 μοι,
850 3044 903 3128 qui
925 3045 1016 3110 locus
1042 3041 1266 3108 emendandus

171 3166 229 3220 est.
274 3155 363 3238 Quid
386 3155 497 3221 onim?
522 3179 599 3220 num
622 3165 656 3220 tn
680 3165 774 3242 putas
797 3153 996 3240 Sophoclem
1030 3154 1155 3218 duobus
1179 3152 1267 3218 dein-

169 3286 248 3350 ceps
273 3264 423 3328 versihus
446 3255 612 3349 Ἀτρείδας
635 3263 718 3349 ipso⁴
735 3262 867 3327 nomine
892 3261 1133 3348 appellaturum
1157 3260 1269 3342 luisse,

170 3397 243 3438 cum
267 3374 377 3461 priore
400 3395 493 3438 uersu
518 3373 708 3461 pronomine
730 3372 776 3436 uti
798 3372 937 3436 liceret?
959 3370 1031 3457 Ego
1050 3369 1183 3455 quidem
1200 3391 1266 3434 non

171 3483 287 3547 dubito
310 3483 389 3568 quin
412 3506 441 3547 v.
461 3485 523 3549 585
544 3475 724 3568 Ἀτρείδαις
745 3483 855 3568 glossa
880 3481 920 3548 sit
945 3479 1173 3569 ctSophoclcs
1194 3479 1271 3546 scri·

163 3592 290 3676 ‘pscritr

296 3695 358 3786 ἐγώ
380 3723 480 3790 σφιν
507 3697 574 3784 εἰμὶ
594 3697 768 3787 δυσμενής·
792 3685 888 3777 οὗτος
911 3699 951 3764 δέ
971 3723 1029 3782 μοι

296 3809 393 3897 φίλος
405 3808 575 3895 Ιμέγιστος,
600 3804 702 3874 oiirsa'
728 3807 894 3891 Ἀτρείδας
917 3811 1036 3892 στυγεῖ.

273 3919 387 4003 Itaque
412 3920 583 3986 Richterus
605 3942 671 3983 non
694 3917 835 3982 debebat
858 3917 1018 4000 dubitare,
1043 3919 1121 4004 quin
1144 3918 1273 4004 Vespa-

176 4049 251 4091 rum
276 4027 332 4092 ille
354 4051 467 4094 versus
492 4037 665 4113 corruptus
700 4035 794 4090 essct.
828 4024 897 4090 Sed
933 4025 1016 4090 bene
1051 4027 1272 4111 excogitatum

173 4146 243 4220 est,
281 4138 367 4225 quod
402 4138 630 4224 reponendum
661 4137 754 4204 duxit
787 4133 856 4220 τάχ’
890 4131 1029 4221 εἴσομαι.
1082 4137 1157 4202 Hoc
1187 4137 1273 4202 enim

173 4269 270 4334 quam
297 4247 439 4356 maxime
465 4247 654 4335 requiritur,
680 4257 716 4312 ut
740 4248 921 4335 Bdelyoleo
945 4247 1028 4336 patri
1053 4246 1197 4334 glorioso
1220 4269 1274 4312 ro-
